%YAML 1.1
%TAG !u! tag:unity3d.com,2011:
--- !u!1001 &100100000
Prefab:
  m_ObjectHideFlags: 1
  serializedVersion: 2
  m_Modification:
    m_TransformParent: {fileID: 0}
    m_Modifications: []
    m_RemovedComponents: []
  m_ParentPrefab: {fileID: 0}
  m_RootGameObject: {fileID: 1560024473475894}
  m_IsPrefabParent: 1
--- !u!1 &1004914181389414
GameObject:
  m_ObjectHideFlags: 1
  m_PrefabParentObject: {fileID: 0}
  m_PrefabInternal: {fileID: 100100000}
  serializedVersion: 5
  m_Component:
  - component: {fileID: 4109235942547736}
  m_Layer: 0
  m_Name: Head_end
  m_TagString: Untagged
  m_Icon: {fileID: 0}
  m_NavMeshLayer: 0
  m_StaticEditorFlags: 0
  m_IsActive: 1
--- !u!1 &1006754863685152
GameObject:
  m_ObjectHideFlags: 0
  m_PrefabParentObject: {fileID: 0}
  m_PrefabInternal: {fileID: 100100000}
  serializedVersion: 5
  m_Component:
  - component: {fileID: 4310575043938010}
  m_Layer: 0
  m_Name: Armature_Female
  m_TagString: Untagged
  m_Icon: {fileID: 0}
  m_NavMeshLayer: 0
  m_StaticEditorFlags: 0
  m_IsActive: 1
--- !u!1 &1008386957577808
GameObject:
  m_ObjectHideFlags: 1
  m_PrefabParentObject: {fileID: 0}
  m_PrefabInternal: {fileID: 100100000}
  serializedVersion: 5
  m_Component:
  - component: {fileID: 4369567709827528}
  - component: {fileID: 33098078824808874}
  - component: {fileID: 23514454483077670}
  m_Layer: 0
  m_Name: Character_Hat_Lady
  m_TagString: Untagged
  m_Icon: {fileID: 0}
  m_NavMeshLayer: 0
  m_StaticEditorFlags: 0
  m_IsActive: 0
--- !u!1 &1010189676493826
GameObject:
  m_ObjectHideFlags: 1
  m_PrefabParentObject: {fileID: 0}
  m_PrefabInternal: {fileID: 100100000}
  serializedVersion: 5
  m_Component:
  - component: {fileID: 4851664132801830}
  m_Layer: 0
  m_Name: RightHandRing2
  m_TagString: Untagged
  m_Icon: {fileID: 0}
  m_NavMeshLayer: 0
  m_StaticEditorFlags: 0
  m_IsActive: 1
--- !u!1 &1067773779152134
GameObject:
  m_ObjectHideFlags: 1
  m_PrefabParentObject: {fileID: 0}
  m_PrefabInternal: {fileID: 100100000}
  serializedVersion: 5
  m_Component:
  - component: {fileID: 4326390326824718}
  m_Layer: 0
  m_Name: Neck
  m_TagString: Untagged
  m_Icon: {fileID: 0}
  m_NavMeshLayer: 0
  m_StaticEditorFlags: 0
  m_IsActive: 1
--- !u!1 &1076009376160012
GameObject:
  m_ObjectHideFlags: 0
  m_PrefabParentObject: {fileID: 0}
  m_PrefabInternal: {fileID: 100100000}
  serializedVersion: 5
  m_Component:
  - component: {fileID: 4731881714197656}
  - component: {fileID: 137572807335844638}
  m_Layer: 0
  m_Name: Character_Female_Outfit_Gunslinger_Top
  m_TagString: Untagged
  m_Icon: {fileID: 0}
  m_NavMeshLayer: 0
  m_StaticEditorFlags: 0
  m_IsActive: 1
--- !u!1 &1088499986816084
GameObject:
  m_ObjectHideFlags: 1
  m_PrefabParentObject: {fileID: 0}
  m_PrefabInternal: {fileID: 100100000}
  serializedVersion: 5
  m_Component:
  - component: {fileID: 4030957721353524}
  - component: {fileID: 33384122604977998}
  - component: {fileID: 23580138047515638}
  m_Layer: 0
  m_Name: Character_Hat_Badguy_01
  m_TagString: Untagged
  m_Icon: {fileID: 0}
  m_NavMeshLayer: 0
  m_StaticEditorFlags: 0
  m_IsActive: 1
--- !u!1 &1123829910815314
GameObject:
  m_ObjectHideFlags: 1
  m_PrefabParentObject: {fileID: 0}
  m_PrefabInternal: {fileID: 100100000}
  serializedVersion: 5
  m_Component:
  - component: {fileID: 4426368305162240}
  m_Layer: 0
  m_Name: RightArm
  m_TagString: Untagged
  m_Icon: {fileID: 0}
  m_NavMeshLayer: 0
  m_StaticEditorFlags: 0
  m_IsActive: 1
--- !u!1 &1126562968954194
GameObject:
  m_ObjectHideFlags: 1
  m_PrefabParentObject: {fileID: 0}
  m_PrefabInternal: {fileID: 100100000}
  serializedVersion: 5
  m_Component:
  - component: {fileID: 4849483262927364}
  m_Layer: 0
  m_Name: RightHandThumb2
  m_TagString: Untagged
  m_Icon: {fileID: 0}
  m_NavMeshLayer: 0
  m_StaticEditorFlags: 0
  m_IsActive: 1
--- !u!1 &1147145977676792
GameObject:
  m_ObjectHideFlags: 1
  m_PrefabParentObject: {fileID: 0}
  m_PrefabInternal: {fileID: 100100000}
  serializedVersion: 5
  m_Component:
  - component: {fileID: 4418762494630988}
  m_Layer: 0
  m_Name: RightHandMiddle2
  m_TagString: Untagged
  m_Icon: {fileID: 0}
  m_NavMeshLayer: 0
  m_StaticEditorFlags: 0
  m_IsActive: 1
--- !u!1 &1147733440853882
GameObject:
  m_ObjectHideFlags: 1
  m_PrefabParentObject: {fileID: 0}
  m_PrefabInternal: {fileID: 100100000}
  serializedVersion: 5
  m_Component:
  - component: {fileID: 4389931181086026}
  m_Layer: 0
  m_Name: RightHand
  m_TagString: Untagged
  m_Icon: {fileID: 0}
  m_NavMeshLayer: 0
  m_StaticEditorFlags: 0
  m_IsActive: 1
--- !u!1 &1176068864470874
GameObject:
  m_ObjectHideFlags: 1
  m_PrefabParentObject: {fileID: 0}
  m_PrefabInternal: {fileID: 100100000}
  serializedVersion: 5
  m_Component:
  - component: {fileID: 4322807760604808}
  m_Layer: 0
  m_Name: Spine
  m_TagString: Untagged
  m_Icon: {fileID: 0}
  m_NavMeshLayer: 0
  m_StaticEditorFlags: 0
  m_IsActive: 1
--- !u!1 &1180844515004768
GameObject:
  m_ObjectHideFlags: 1
  m_PrefabParentObject: {fileID: 0}
  m_PrefabInternal: {fileID: 100100000}
  serializedVersion: 5
  m_Component:
  - component: {fileID: 4652559456650196}
  m_Layer: 0
  m_Name: Head
  m_TagString: Untagged
  m_Icon: {fileID: 0}
  m_NavMeshLayer: 0
  m_StaticEditorFlags: 0
  m_IsActive: 1
--- !u!1 &1189667892760830
GameObject:
  m_ObjectHideFlags: 1
  m_PrefabParentObject: {fileID: 0}
  m_PrefabInternal: {fileID: 100100000}
  serializedVersion: 5
  m_Component:
  - component: {fileID: 4628826629574840}
  m_Layer: 0
  m_Name: LeftUpLeg
  m_TagString: Untagged
  m_Icon: {fileID: 0}
  m_NavMeshLayer: 0
  m_StaticEditorFlags: 0
  m_IsActive: 1
--- !u!1 &1233319222998046
GameObject:
  m_ObjectHideFlags: 1
  m_PrefabParentObject: {fileID: 0}
  m_PrefabInternal: {fileID: 100100000}
  serializedVersion: 5
  m_Component:
  - component: {fileID: 4150149865699024}
  m_Layer: 0
  m_Name: Hips
  m_TagString: Untagged
  m_Icon: {fileID: 0}
  m_NavMeshLayer: 0
  m_StaticEditorFlags: 0
  m_IsActive: 1
--- !u!1 &1254196070720382
GameObject:
  m_ObjectHideFlags: 1
  m_PrefabParentObject: {fileID: 0}
  m_PrefabInternal: {fileID: 100100000}
  serializedVersion: 5
  m_Component:
  - component: {fileID: 4021974845296078}
  m_Layer: 0
  m_Name: LeftHandIndex2
  m_TagString: Untagged
  m_Icon: {fileID: 0}
  m_NavMeshLayer: 0
  m_StaticEditorFlags: 0
  m_IsActive: 1
--- !u!1 &1262134450966918
GameObject:
  m_ObjectHideFlags: 1
  m_PrefabParentObject: {fileID: 0}
  m_PrefabInternal: {fileID: 100100000}
  serializedVersion: 5
  m_Component:
  - component: {fileID: 4706730402843298}
  m_Layer: 0
  m_Name: LeftHandRing2_end
  m_TagString: Untagged
  m_Icon: {fileID: 0}
  m_NavMeshLayer: 0
  m_StaticEditorFlags: 0
  m_IsActive: 1
--- !u!1 &1292844687636246
GameObject:
  m_ObjectHideFlags: 1
  m_PrefabParentObject: {fileID: 0}
  m_PrefabInternal: {fileID: 100100000}
  serializedVersion: 5
  m_Component:
  - component: {fileID: 4274224914796860}
  m_Layer: 0
  m_Name: RightForearm
  m_TagString: Untagged
  m_Icon: {fileID: 0}
  m_NavMeshLayer: 0
  m_StaticEditorFlags: 0
  m_IsActive: 1
--- !u!1 &1327088889554774
GameObject:
  m_ObjectHideFlags: 1
  m_PrefabParentObject: {fileID: 0}
  m_PrefabInternal: {fileID: 100100000}
  serializedVersion: 5
  m_Component:
  - component: {fileID: 4748841673532228}
  m_Layer: 0
  m_Name: LeftFoot
  m_TagString: Untagged
  m_Icon: {fileID: 0}
  m_NavMeshLayer: 0
  m_StaticEditorFlags: 0
  m_IsActive: 1
--- !u!1 &1341337932335166
GameObject:
  m_ObjectHideFlags: 0
  m_PrefabParentObject: {fileID: 0}
  m_PrefabInternal: {fileID: 100100000}
  serializedVersion: 5
  m_Component:
  - component: {fileID: 4688443063856404}
  m_Layer: 0
  m_Name: SpawnPoint
  m_TagString: Untagged
  m_Icon: {fileID: 0}
  m_NavMeshLayer: 0
  m_StaticEditorFlags: 0
  m_IsActive: 1
--- !u!1 &1347357476311432
GameObject:
  m_ObjectHideFlags: 1
  m_PrefabParentObject: {fileID: 0}
  m_PrefabInternal: {fileID: 100100000}
  serializedVersion: 5
  m_Component:
  - component: {fileID: 4990877287277388}
  m_Layer: 0
  m_Name: RightShoulder
  m_TagString: Untagged
  m_Icon: {fileID: 0}
  m_NavMeshLayer: 0
  m_StaticEditorFlags: 0
  m_IsActive: 1
--- !u!1 &1353296268405760
GameObject:
  m_ObjectHideFlags: 1
  m_PrefabParentObject: {fileID: 0}
  m_PrefabInternal: {fileID: 100100000}
  serializedVersion: 5
  m_Component:
  - component: {fileID: 4822910706919750}
  m_Layer: 0
  m_Name: LeftHand
  m_TagString: Untagged
  m_Icon: {fileID: 0}
  m_NavMeshLayer: 0
  m_StaticEditorFlags: 0
  m_IsActive: 1
--- !u!1 &1369010357693518
GameObject:
  m_ObjectHideFlags: 1
  m_PrefabParentObject: {fileID: 0}
  m_PrefabInternal: {fileID: 100100000}
  serializedVersion: 5
  m_Component:
  - component: {fileID: 4084806176945702}
  m_Layer: 0
  m_Name: LeftLeg
  m_TagString: Untagged
  m_Icon: {fileID: 0}
  m_NavMeshLayer: 0
  m_StaticEditorFlags: 0
  m_IsActive: 1
--- !u!1 &1372401661896632
GameObject:
  m_ObjectHideFlags: 1
  m_PrefabParentObject: {fileID: 0}
  m_PrefabInternal: {fileID: 100100000}
  serializedVersion: 5
  m_Component:
  - component: {fileID: 4246014256437780}
  m_Layer: 0
  m_Name: RightHandIndex2
  m_TagString: Untagged
  m_Icon: {fileID: 0}
  m_NavMeshLayer: 0
  m_StaticEditorFlags: 0
  m_IsActive: 1
--- !u!1 &1420468046122706
GameObject:
  m_ObjectHideFlags: 1
  m_PrefabParentObject: {fileID: 0}
  m_PrefabInternal: {fileID: 100100000}
  serializedVersion: 5
  m_Component:
  - component: {fileID: 4847639582323086}
  m_Layer: 0
  m_Name: LeftToe_end
  m_TagString: Untagged
  m_Icon: {fileID: 0}
  m_NavMeshLayer: 0
  m_StaticEditorFlags: 0
  m_IsActive: 1
--- !u!1 &1438463150599336
GameObject:
  m_ObjectHideFlags: 1
  m_PrefabParentObject: {fileID: 0}
  m_PrefabInternal: {fileID: 100100000}
  serializedVersion: 5
  m_Component:
  - component: {fileID: 4765052673587228}
  m_Layer: 0
  m_Name: RightHandThumb2_end
  m_TagString: Untagged
  m_Icon: {fileID: 0}
  m_NavMeshLayer: 0
  m_StaticEditorFlags: 0
  m_IsActive: 1
--- !u!1 &1443215133435710
GameObject:
  m_ObjectHideFlags: 1
  m_PrefabParentObject: {fileID: 0}
  m_PrefabInternal: {fileID: 100100000}
  serializedVersion: 5
  m_Component:
  - component: {fileID: 4916481178436682}
  m_Layer: 0
  m_Name: LeftShoulder
  m_TagString: Untagged
  m_Icon: {fileID: 0}
  m_NavMeshLayer: 0
  m_StaticEditorFlags: 0
  m_IsActive: 1
--- !u!1 &1454822258782378
GameObject:
  m_ObjectHideFlags: 0
  m_PrefabParentObject: {fileID: 0}
  m_PrefabInternal: {fileID: 100100000}
  serializedVersion: 5
  m_Component:
  - component: {fileID: 4414219429391420}
  - component: {fileID: 137934876733332784}
  m_Layer: 0
  m_Name: Character_Female
  m_TagString: Untagged
  m_Icon: {fileID: 0}
  m_NavMeshLayer: 0
  m_StaticEditorFlags: 0
  m_IsActive: 1
--- !u!1 &1471376699147306
GameObject:
  m_ObjectHideFlags: 1
  m_PrefabParentObject: {fileID: 0}
  m_PrefabInternal: {fileID: 100100000}
  serializedVersion: 5
  m_Component:
  - component: {fileID: 4449908531989132}
  m_Layer: 0
  m_Name: LeftHandIndex1
  m_TagString: Untagged
  m_Icon: {fileID: 0}
  m_NavMeshLayer: 0
  m_StaticEditorFlags: 0
  m_IsActive: 1
--- !u!1 &1520760883595160
GameObject:
  m_ObjectHideFlags: 1
  m_PrefabParentObject: {fileID: 0}
  m_PrefabInternal: {fileID: 100100000}
  serializedVersion: 5
  m_Component:
  - component: {fileID: 4406834291259216}
  m_Layer: 0
  m_Name: LeftHandMiddle2
  m_TagString: Untagged
  m_Icon: {fileID: 0}
  m_NavMeshLayer: 0
  m_StaticEditorFlags: 0
  m_IsActive: 1
--- !u!1 &1538715670831048
GameObject:
  m_ObjectHideFlags: 1
  m_PrefabParentObject: {fileID: 0}
  m_PrefabInternal: {fileID: 100100000}
  serializedVersion: 5
  m_Component:
  - component: {fileID: 4309877660343808}
  m_Layer: 0
  m_Name: LeftArm
  m_TagString: Untagged
  m_Icon: {fileID: 0}
  m_NavMeshLayer: 0
  m_StaticEditorFlags: 0
  m_IsActive: 1
--- !u!1 &1541540524804766
GameObject:
  m_ObjectHideFlags: 1
  m_PrefabParentObject: {fileID: 0}
  m_PrefabInternal: {fileID: 100100000}
  serializedVersion: 5
  m_Component:
  - component: {fileID: 4168530953096878}
  m_Layer: 0
  m_Name: RightHandRing1
  m_TagString: Untagged
  m_Icon: {fileID: 0}
  m_NavMeshLayer: 0
  m_StaticEditorFlags: 0
  m_IsActive: 1
--- !u!1 &1560024473475894
GameObject:
  m_ObjectHideFlags: 0
  m_PrefabParentObject: {fileID: 0}
  m_PrefabInternal: {fileID: 100100000}
  serializedVersion: 5
  m_Component:
  - component: {fileID: 4022577072227156}
  - component: {fileID: 114750397690411314}
  - component: {fileID: 114640872354379688}
  - component: {fileID: 114166654859318574}
  - component: {fileID: 95609292621098508}
  - component: {fileID: 54239960544075768}
  - component: {fileID: 136418034379995106}
  - component: {fileID: 114878223781127472}
  - component: {fileID: 114734054419584080}
  - component: {fileID: 114081138794122388}
  - component: {fileID: 114865421442106768}
  - component: {fileID: 114849258859048832}
  m_Layer: 0
  m_Name: Player (Character_Female)
  m_TagString: Untagged
  m_Icon: {fileID: 0}
  m_NavMeshLayer: 0
  m_StaticEditorFlags: 0
  m_IsActive: 1
--- !u!1 &1567321271954090
GameObject:
  m_ObjectHideFlags: 1
  m_PrefabParentObject: {fileID: 0}
  m_PrefabInternal: {fileID: 100100000}
  serializedVersion: 5
  m_Component:
  - component: {fileID: 4972897557983064}
  m_Layer: 0
  m_Name: LeftHandThumb2_end
  m_TagString: Untagged
  m_Icon: {fileID: 0}
  m_NavMeshLayer: 0
  m_StaticEditorFlags: 0
  m_IsActive: 1
--- !u!1 &1594446227863544
GameObject:
  m_ObjectHideFlags: 1
  m_PrefabParentObject: {fileID: 0}
  m_PrefabInternal: {fileID: 100100000}
  serializedVersion: 5
  m_Component:
  - component: {fileID: 4613745774048626}
  - component: {fileID: 33697871732581828}
  - component: {fileID: 23605573118135600}
  m_Layer: 0
  m_Name: Character_Hat_Goodguy_01
  m_TagString: Untagged
  m_Icon: {fileID: 0}
  m_NavMeshLayer: 0
  m_StaticEditorFlags: 0
  m_IsActive: 1
--- !u!1 &1597535668398556
GameObject:
  m_ObjectHideFlags: 1
  m_PrefabParentObject: {fileID: 0}
  m_PrefabInternal: {fileID: 100100000}
  serializedVersion: 5
  m_Component:
  - component: {fileID: 4636804680767658}
  m_Layer: 0
  m_Name: LeftHandRing1
  m_TagString: Untagged
  m_Icon: {fileID: 0}
  m_NavMeshLayer: 0
  m_StaticEditorFlags: 0
  m_IsActive: 1
--- !u!1 &1615525795040670
GameObject:
  m_ObjectHideFlags: 1
  m_PrefabParentObject: {fileID: 0}
  m_PrefabInternal: {fileID: 100100000}
  serializedVersion: 5
  m_Component:
  - component: {fileID: 4023356121324202}
  m_Layer: 0
  m_Name: Spine1
  m_TagString: Untagged
  m_Icon: {fileID: 0}
  m_NavMeshLayer: 0
  m_StaticEditorFlags: 0
  m_IsActive: 1
--- !u!1 &1617176356254850
GameObject:
  m_ObjectHideFlags: 1
  m_PrefabParentObject: {fileID: 0}
  m_PrefabInternal: {fileID: 100100000}
  serializedVersion: 5
  m_Component:
  - component: {fileID: 4499408059708972}
  m_Layer: 0
  m_Name: Spine2
  m_TagString: Untagged
  m_Icon: {fileID: 0}
  m_NavMeshLayer: 0
  m_StaticEditorFlags: 0
  m_IsActive: 1
--- !u!1 &1633861684696038
GameObject:
  m_ObjectHideFlags: 1
  m_PrefabParentObject: {fileID: 0}
  m_PrefabInternal: {fileID: 100100000}
  serializedVersion: 5
  m_Component:
  - component: {fileID: 4956046529020946}
  m_Layer: 0
  m_Name: LeftForearm
  m_TagString: Untagged
  m_Icon: {fileID: 0}
  m_NavMeshLayer: 0
  m_StaticEditorFlags: 0
  m_IsActive: 1
--- !u!1 &1649839769054848
GameObject:
  m_ObjectHideFlags: 1
  m_PrefabParentObject: {fileID: 0}
  m_PrefabInternal: {fileID: 100100000}
  serializedVersion: 5
  m_Component:
  - component: {fileID: 4361678906051802}
  m_Layer: 0
  m_Name: LeftHandThumb1
  m_TagString: Untagged
  m_Icon: {fileID: 0}
  m_NavMeshLayer: 0
  m_StaticEditorFlags: 0
  m_IsActive: 1
--- !u!1 &1661068942071278
GameObject:
  m_ObjectHideFlags: 0
  m_PrefabParentObject: {fileID: 0}
  m_PrefabInternal: {fileID: 100100000}
  serializedVersion: 5
  m_Component:
  - component: {fileID: 4719239505053642}
  - component: {fileID: 137842777887881830}
  m_Layer: 0
  m_Name: Character_Female_Outfit_Gunslinger_Jacket
  m_TagString: Untagged
  m_Icon: {fileID: 0}
  m_NavMeshLayer: 0
  m_StaticEditorFlags: 0
  m_IsActive: 1
--- !u!1 &1728635369056176
GameObject:
  m_ObjectHideFlags: 1
  m_PrefabParentObject: {fileID: 0}
  m_PrefabInternal: {fileID: 100100000}
  serializedVersion: 5
  m_Component:
  - component: {fileID: 4537639931847134}
  m_Layer: 0
  m_Name: LeftHandMiddle1
  m_TagString: Untagged
  m_Icon: {fileID: 0}
  m_NavMeshLayer: 0
  m_StaticEditorFlags: 0
  m_IsActive: 1
--- !u!1 &1737538410725098
GameObject:
  m_ObjectHideFlags: 1
  m_PrefabParentObject: {fileID: 0}
  m_PrefabInternal: {fileID: 100100000}
  serializedVersion: 5
  m_Component:
  - component: {fileID: 4862555222304762}
  m_Layer: 0
  m_Name: RightHandMiddle2_end
  m_TagString: Untagged
  m_Icon: {fileID: 0}
  m_NavMeshLayer: 0
  m_StaticEditorFlags: 0
  m_IsActive: 1
--- !u!1 &1752459285616846
GameObject:
  m_ObjectHideFlags: 0
  m_PrefabParentObject: {fileID: 0}
  m_PrefabInternal: {fileID: 100100000}
  serializedVersion: 5
  m_Component:
  - component: {fileID: 4590278383691412}
  - component: {fileID: 137069133554083154}
  m_Layer: 0
  m_Name: Character_Female_Outfit_Villager_Dress
  m_TagString: Untagged
  m_Icon: {fileID: 0}
  m_NavMeshLayer: 0
  m_StaticEditorFlags: 0
  m_IsActive: 0
--- !u!1 &1777230945246796
GameObject:
  m_ObjectHideFlags: 1
  m_PrefabParentObject: {fileID: 0}
  m_PrefabInternal: {fileID: 100100000}
  serializedVersion: 5
  m_Component:
  - component: {fileID: 4965965912506970}
  m_Layer: 0
  m_Name: LeftHandMiddle2_end
  m_TagString: Untagged
  m_Icon: {fileID: 0}
  m_NavMeshLayer: 0
  m_StaticEditorFlags: 0
  m_IsActive: 1
--- !u!1 &1778018907122930
GameObject:
  m_ObjectHideFlags: 0
  m_PrefabParentObject: {fileID: 0}
  m_PrefabInternal: {fileID: 100100000}
  serializedVersion: 5
  m_Component:
  - component: {fileID: 4669291773404900}
  - component: {fileID: 137878508287041628}
  m_Layer: 0
  m_Name: Character_Female_Outfit_Gunslinger_Belt
  m_TagString: Untagged
  m_Icon: {fileID: 0}
  m_NavMeshLayer: 0
  m_StaticEditorFlags: 0
  m_IsActive: 1
--- !u!1 &1783063442018018
GameObject:
  m_ObjectHideFlags: 1
  m_PrefabParentObject: {fileID: 0}
  m_PrefabInternal: {fileID: 100100000}
  serializedVersion: 5
  m_Component:
  - component: {fileID: 4055752648601976}
  m_Layer: 0
  m_Name: RightToe
  m_TagString: Untagged
  m_Icon: {fileID: 0}
  m_NavMeshLayer: 0
  m_StaticEditorFlags: 0
  m_IsActive: 1
--- !u!1 &1796626298683212
GameObject:
  m_ObjectHideFlags: 1
  m_PrefabParentObject: {fileID: 0}
  m_PrefabInternal: {fileID: 100100000}
  serializedVersion: 5
  m_Component:
  - component: {fileID: 4482934542796936}
  m_Layer: 0
  m_Name: RightLeg
  m_TagString: Untagged
  m_Icon: {fileID: 0}
  m_NavMeshLayer: 0
  m_StaticEditorFlags: 0
  m_IsActive: 1
--- !u!1 &1810970904159444
GameObject:
  m_ObjectHideFlags: 1
  m_PrefabParentObject: {fileID: 0}
  m_PrefabInternal: {fileID: 100100000}
  serializedVersion: 5
  m_Component:
  - component: {fileID: 4838524986370522}
  m_Layer: 0
  m_Name: RightFoot
  m_TagString: Untagged
  m_Icon: {fileID: 0}
  m_NavMeshLayer: 0
  m_StaticEditorFlags: 0
  m_IsActive: 1
--- !u!1 &1843156751883080
GameObject:
  m_ObjectHideFlags: 1
  m_PrefabParentObject: {fileID: 0}
  m_PrefabInternal: {fileID: 100100000}
  serializedVersion: 5
  m_Component:
  - component: {fileID: 4884214952037918}
  m_Layer: 0
  m_Name: LeftToe
  m_TagString: Untagged
  m_Icon: {fileID: 0}
  m_NavMeshLayer: 0
  m_StaticEditorFlags: 0
  m_IsActive: 1
--- !u!1 &1846428319913680
GameObject:
  m_ObjectHideFlags: 1
  m_PrefabParentObject: {fileID: 0}
  m_PrefabInternal: {fileID: 100100000}
  serializedVersion: 5
  m_Component:
  - component: {fileID: 4125891518828498}
  m_Layer: 0
  m_Name: LeftHandIndex2_end
  m_TagString: Untagged
  m_Icon: {fileID: 0}
  m_NavMeshLayer: 0
  m_StaticEditorFlags: 0
  m_IsActive: 1
--- !u!1 &1868340427576154
GameObject:
  m_ObjectHideFlags: 1
  m_PrefabParentObject: {fileID: 0}
  m_PrefabInternal: {fileID: 100100000}
  serializedVersion: 5
  m_Component:
  - component: {fileID: 4399253413596984}
  m_Layer: 0
  m_Name: RightUpLeg
  m_TagString: Untagged
  m_Icon: {fileID: 0}
  m_NavMeshLayer: 0
  m_StaticEditorFlags: 0
  m_IsActive: 1
--- !u!1 &1874200064048596
GameObject:
  m_ObjectHideFlags: 1
  m_PrefabParentObject: {fileID: 0}
  m_PrefabInternal: {fileID: 100100000}
  serializedVersion: 5
  m_Component:
  - component: {fileID: 4509921605944834}
  m_Layer: 0
  m_Name: RightToe_end
  m_TagString: Untagged
  m_Icon: {fileID: 0}
  m_NavMeshLayer: 0
  m_StaticEditorFlags: 0
  m_IsActive: 1
--- !u!1 &1880427782839486
GameObject:
  m_ObjectHideFlags: 1
  m_PrefabParentObject: {fileID: 0}
  m_PrefabInternal: {fileID: 100100000}
  serializedVersion: 5
  m_Component:
  - component: {fileID: 4138448824535692}
  m_Layer: 0
  m_Name: RightHandThumb1
  m_TagString: Untagged
  m_Icon: {fileID: 0}
  m_NavMeshLayer: 0
  m_StaticEditorFlags: 0
  m_IsActive: 1
--- !u!1 &1889140574366322
GameObject:
  m_ObjectHideFlags: 1
  m_PrefabParentObject: {fileID: 0}
  m_PrefabInternal: {fileID: 100100000}
  serializedVersion: 5
  m_Component:
  - component: {fileID: 4427369720906850}
  m_Layer: 0
  m_Name: RightHandIndex1
  m_TagString: Untagged
  m_Icon: {fileID: 0}
  m_NavMeshLayer: 0
  m_StaticEditorFlags: 0
  m_IsActive: 1
--- !u!1 &1905127404605178
GameObject:
  m_ObjectHideFlags: 1
  m_PrefabParentObject: {fileID: 0}
  m_PrefabInternal: {fileID: 100100000}
  serializedVersion: 5
  m_Component:
  - component: {fileID: 4979445384697716}
  m_Layer: 0
  m_Name: RightHandIndex2_end
  m_TagString: Untagged
  m_Icon: {fileID: 0}
  m_NavMeshLayer: 0
  m_StaticEditorFlags: 0
  m_IsActive: 1
--- !u!1 &1934070232464138
GameObject:
  m_ObjectHideFlags: 1
  m_PrefabParentObject: {fileID: 0}
  m_PrefabInternal: {fileID: 100100000}
  serializedVersion: 5
  m_Component:
  - component: {fileID: 4930148648103912}
  m_Layer: 0
  m_Name: RightHandRing2_end
  m_TagString: Untagged
  m_Icon: {fileID: 0}
  m_NavMeshLayer: 0
  m_StaticEditorFlags: 0
  m_IsActive: 1
--- !u!1 &1945661005688074
GameObject:
  m_ObjectHideFlags: 1
  m_PrefabParentObject: {fileID: 0}
  m_PrefabInternal: {fileID: 100100000}
  serializedVersion: 5
  m_Component:
  - component: {fileID: 4441166679457056}
  m_Layer: 0
  m_Name: RightHandMiddle1
  m_TagString: Untagged
  m_Icon: {fileID: 0}
  m_NavMeshLayer: 0
  m_StaticEditorFlags: 0
  m_IsActive: 1
--- !u!1 &1977025849199936
GameObject:
  m_ObjectHideFlags: 1
  m_PrefabParentObject: {fileID: 0}
  m_PrefabInternal: {fileID: 100100000}
  serializedVersion: 5
  m_Component:
  - component: {fileID: 4296221549547184}
  m_Layer: 0
  m_Name: LeftHandRing2
  m_TagString: Untagged
  m_Icon: {fileID: 0}
  m_NavMeshLayer: 0
  m_StaticEditorFlags: 0
  m_IsActive: 1
--- !u!1 &1978906456270428
GameObject:
  m_ObjectHideFlags: 1
  m_PrefabParentObject: {fileID: 0}
  m_PrefabInternal: {fileID: 100100000}
  serializedVersion: 5
  m_Component:
  - component: {fileID: 4789164095556860}
  m_Layer: 0
  m_Name: LeftHandThumb2
  m_TagString: Untagged
  m_Icon: {fileID: 0}
  m_NavMeshLayer: 0
  m_StaticEditorFlags: 0
  m_IsActive: 1
--- !u!4 &4021974845296078
Transform:
  m_ObjectHideFlags: 1
  m_PrefabParentObject: {fileID: 0}
  m_PrefabInternal: {fileID: 100100000}
  m_GameObject: {fileID: 1254196070720382}
  m_LocalRotation: {x: -0.05660756, y: -0.00021880535, z: 0.0038597737, w: 0.998389}
  m_LocalPosition: {x: -2.1789708e-10, y: 0.0011423336, z: -8.3562596e-10}
  m_LocalScale: {x: 1, y: 1, z: 0.99999994}
  m_Children:
  - {fileID: 4125891518828498}
  m_Father: {fileID: 4449908531989132}
  m_RootOrder: 0
  m_LocalEulerAnglesHint: {x: 0, y: 0, z: 0}
--- !u!4 &4022577072227156
Transform:
  m_ObjectHideFlags: 1
  m_PrefabParentObject: {fileID: 0}
  m_PrefabInternal: {fileID: 100100000}
  m_GameObject: {fileID: 1560024473475894}
  m_LocalRotation: {x: 0, y: 0, z: 0, w: 1}
  m_LocalPosition: {x: 0.6102927, y: 6.04, z: 43.57643}
  m_LocalScale: {x: 1, y: 1, z: 1}
  m_Children:
  - {fileID: 4310575043938010}
  - {fileID: 4414219429391420}
  - {fileID: 4669291773404900}
  - {fileID: 4719239505053642}
  - {fileID: 4731881714197656}
  - {fileID: 4590278383691412}
  - {fileID: 4688443063856404}
  m_Father: {fileID: 0}
  m_RootOrder: 0
  m_LocalEulerAnglesHint: {x: 0, y: 0, z: 0}
--- !u!4 &4023356121324202
Transform:
  m_ObjectHideFlags: 1
  m_PrefabParentObject: {fileID: 0}
  m_PrefabInternal: {fileID: 100100000}
  m_GameObject: {fileID: 1615525795040670}
  m_LocalRotation: {x: -0.05377578, y: 0.0000001195397, z: 0.000000006905976, w: 0.99855304}
  m_LocalPosition: {x: -1.1397982e-18, y: 0.0027115317, z: 0}
  m_LocalScale: {x: 1, y: 0.9999999, z: 0.99999994}
  m_Children:
  - {fileID: 4499408059708972}
  m_Father: {fileID: 4322807760604808}
  m_RootOrder: 0
  m_LocalEulerAnglesHint: {x: 0, y: 0, z: 0}
--- !u!4 &4030957721353524
Transform:
  m_ObjectHideFlags: 1
  m_PrefabParentObject: {fileID: 0}
  m_PrefabInternal: {fileID: 100100000}
  m_GameObject: {fileID: 1088499986816084}
  m_LocalRotation: {x: -0.70710677, y: 7.105428e-15, z: 7.549517e-15, w: 0.7071068}
  m_LocalPosition: {x: -0, y: 0.00434, z: -0.00054}
  m_LocalScale: {x: 1, y: 1, z: 1}
  m_Children: []
  m_Father: {fileID: 4652559456650196}
  m_RootOrder: 2
  m_LocalEulerAnglesHint: {x: 0, y: 0, z: 0}
--- !u!4 &4055752648601976
Transform:
  m_ObjectHideFlags: 1
  m_PrefabParentObject: {fileID: 0}
  m_PrefabInternal: {fileID: 100100000}
  m_GameObject: {fileID: 1783063442018018}
  m_LocalRotation: {x: 0.2295304, y: 0.0000024338242, z: 0.00000066464304, w: 0.97330153}
  m_LocalPosition: {x: -1.6184155e-10, y: 0.0021814813, z: -1.0369376e-10}
  m_LocalScale: {x: 1, y: 1, z: 1}
  m_Children:
  - {fileID: 4509921605944834}
  m_Father: {fileID: 4838524986370522}
  m_RootOrder: 0
  m_LocalEulerAnglesHint: {x: 0, y: 0, z: 0}
--- !u!4 &4084806176945702
Transform:
  m_ObjectHideFlags: 1
  m_PrefabParentObject: {fileID: 0}
  m_PrefabInternal: {fileID: 100100000}
  m_GameObject: {fileID: 1369010357693518}
  m_LocalRotation: {x: -0.028380737, y: 0.70568657, z: -0.001121238, w: 0.70795465}
  m_LocalPosition: {x: -1.6298145e-10, y: 0.009147602, z: 4.389949e-10}
  m_LocalScale: {x: 1.0000001, y: 1, z: 1}
  m_Children:
  - {fileID: 4748841673532228}
  m_Father: {fileID: 4628826629574840}
  m_RootOrder: 0
  m_LocalEulerAnglesHint: {x: 0, y: 0, z: 0}
--- !u!4 &4109235942547736
Transform:
  m_ObjectHideFlags: 1
  m_PrefabParentObject: {fileID: 0}
  m_PrefabInternal: {fileID: 100100000}
  m_GameObject: {fileID: 1004914181389414}
  m_LocalRotation: {x: 0, y: -0, z: -0, w: 1}
  m_LocalPosition: {x: -0, y: 0.0024645615, z: 0}
  m_LocalScale: {x: 1, y: 1, z: 1}
  m_Children: []
  m_Father: {fileID: 4652559456650196}
  m_RootOrder: 0
  m_LocalEulerAnglesHint: {x: 0, y: 0, z: 0}
--- !u!4 &4125891518828498
Transform:
  m_ObjectHideFlags: 1
  m_PrefabParentObject: {fileID: 0}
  m_PrefabInternal: {fileID: 100100000}
  m_GameObject: {fileID: 1846428319913680}
  m_LocalRotation: {x: 0, y: -0, z: -0, w: 1}
  m_LocalPosition: {x: -0, y: 0.0012798767, z: 0}
  m_LocalScale: {x: 1, y: 1, z: 1}
  m_Children: []
  m_Father: {fileID: 4021974845296078}
  m_RootOrder: 0
  m_LocalEulerAnglesHint: {x: 0, y: 0, z: 0}
--- !u!4 &4138448824535692
Transform:
  m_ObjectHideFlags: 1
  m_PrefabParentObject: {fileID: 0}
  m_PrefabInternal: {fileID: 100100000}
  m_GameObject: {fileID: 1880427782839486}
  m_LocalRotation: {x: -0.27258396, y: 0.793715, z: -0.31169254, w: 0.44560325}
  m_LocalPosition: {x: 0.00060774345, y: 0.0017236457, z: -0.0010191591}
  m_LocalScale: {x: 0.99999994, y: 1.0000001, z: 0.99999994}
  m_Children:
  - {fileID: 4849483262927364}
  m_Father: {fileID: 4389931181086026}
  m_RootOrder: 3
  m_LocalEulerAnglesHint: {x: 0, y: 0, z: 0}
--- !u!4 &4150149865699024
Transform:
  m_ObjectHideFlags: 1
  m_PrefabParentObject: {fileID: 0}
  m_PrefabInternal: {fileID: 100100000}
  m_GameObject: {fileID: 1233319222998046}
  m_LocalRotation: {x: 0.72411084, y: -0.00000008221668, z: -0.00000008632072, w: 0.6896836}
  m_LocalPosition: {x: -0, y: 0, z: 0.016335359}
  m_LocalScale: {x: 1, y: 0.99999994, z: 0.99999994}
  m_Children:
  - {fileID: 4628826629574840}
  - {fileID: 4399253413596984}
  - {fileID: 4322807760604808}
  m_Father: {fileID: 4310575043938010}
  m_RootOrder: 0
  m_LocalEulerAnglesHint: {x: 0, y: 0, z: 0}
--- !u!4 &4168530953096878
Transform:
  m_ObjectHideFlags: 1
  m_PrefabParentObject: {fileID: 0}
  m_PrefabInternal: {fileID: 100100000}
  m_GameObject: {fileID: 1541540524804766}
  m_LocalRotation: {x: 0.04370766, y: 0.49340522, z: 0.10427315, w: 0.8624199}
  m_LocalPosition: {x: -0.00029891916, y: 0.0019539066, z: 0.00049972575}
  m_LocalScale: {x: 0.99999994, y: 1.0000001, z: 1}
  m_Children:
  - {fileID: 4851664132801830}
  m_Father: {fileID: 4389931181086026}
  m_RootOrder: 2
  m_LocalEulerAnglesHint: {x: 0, y: 0, z: 0}
--- !u!4 &4246014256437780
Transform:
  m_ObjectHideFlags: 1
  m_PrefabParentObject: {fileID: 0}
  m_PrefabInternal: {fileID: 100100000}
  m_GameObject: {fileID: 1372401661896632}
  m_LocalRotation: {x: -0.030035498, y: 0.80924255, z: -0.04813719, w: 0.5847283}
  m_LocalPosition: {x: 4.4521612e-11, y: 0.0011423348, z: -0.0000000012819957}
  m_LocalScale: {x: 1, y: 1.0000001, z: 1}
  m_Children:
  - {fileID: 4979445384697716}
  m_Father: {fileID: 4427369720906850}
  m_RootOrder: 0
  m_LocalEulerAnglesHint: {x: 0, y: 0, z: 0}
--- !u!4 &4274224914796860
Transform:
  m_ObjectHideFlags: 1
  m_PrefabParentObject: {fileID: 0}
  m_PrefabInternal: {fileID: 100100000}
  m_GameObject: {fileID: 1292844687636246}
  m_LocalRotation: {x: -0.05478043, y: 0.905523, z: -0.056381796, w: 0.41695127}
  m_LocalPosition: {x: -0.0000000011362136, y: 0.006283911, z: 0.0000000017508864}
  m_LocalScale: {x: 0.99999994, y: 0.9999999, z: 1}
  m_Children:
  - {fileID: 4389931181086026}
  m_Father: {fileID: 4426368305162240}
  m_RootOrder: 0
  m_LocalEulerAnglesHint: {x: 0, y: 0, z: 0}
--- !u!4 &4296221549547184
Transform:
  m_ObjectHideFlags: 1
  m_PrefabParentObject: {fileID: 0}
  m_PrefabInternal: {fileID: 100100000}
  m_GameObject: {fileID: 1977025849199936}
  m_LocalRotation: {x: -0.072475106, y: -0.003870024, z: 0.053181075, w: 0.99594384}
  m_LocalPosition: {x: -1.3231817e-10, y: 0.0013475857, z: 0.0000000011664594}
  m_LocalScale: {x: 0.99999994, y: 1, z: 1}
  m_Children:
  - {fileID: 4706730402843298}
  m_Father: {fileID: 4636804680767658}
  m_RootOrder: 0
  m_LocalEulerAnglesHint: {x: 0, y: 0, z: 0}
--- !u!4 &4309877660343808
Transform:
  m_ObjectHideFlags: 1
  m_PrefabParentObject: {fileID: 0}
  m_PrefabInternal: {fileID: 100100000}
  m_GameObject: {fileID: 1538715670831048}
  m_LocalRotation: {x: 0.13188411, y: 0.008458201, z: 0.10178125, w: 0.9859897}
  m_LocalPosition: {x: 7.4505804e-11, y: 0.0035120663, z: -0.000000004505855}
  m_LocalScale: {x: 1, y: 0.9999998, z: 0.99999994}
  m_Children:
  - {fileID: 4956046529020946}
  m_Father: {fileID: 4916481178436682}
  m_RootOrder: 0
  m_LocalEulerAnglesHint: {x: 0, y: 0, z: 0}
--- !u!4 &4310575043938010
Transform:
  m_ObjectHideFlags: 1
  m_PrefabParentObject: {fileID: 0}
  m_PrefabInternal: {fileID: 100100000}
  m_GameObject: {fileID: 1006754863685152}
  m_LocalRotation: {x: -0.7071068, y: 0, z: -0, w: 0.7071067}
  m_LocalPosition: {x: -0, y: 0, z: 0}
  m_LocalScale: {x: 100, y: 100, z: 100}
  m_Children:
  - {fileID: 4150149865699024}
  m_Father: {fileID: 4022577072227156}
  m_RootOrder: 0
  m_LocalEulerAnglesHint: {x: 0, y: 0, z: 0}
--- !u!4 &4322807760604808
Transform:
  m_ObjectHideFlags: 1
  m_PrefabParentObject: {fileID: 0}
  m_PrefabInternal: {fileID: 100100000}
  m_GameObject: {fileID: 1176068864470874}
  m_LocalRotation: {x: -0.016802182, y: -7.5621865e-15, z: 0.000000004005951, w: 0.99985886}
  m_LocalPosition: {x: -2.0935933e-17, y: 0.0035717657, z: -1.11758706e-10}
  m_LocalScale: {x: 1, y: 0.9999998, z: 0.9999999}
  m_Children:
  - {fileID: 4023356121324202}
  m_Father: {fileID: 4150149865699024}
  m_RootOrder: 2
  m_LocalEulerAnglesHint: {x: 0, y: 0, z: 0}
--- !u!4 &4326390326824718
Transform:
  m_ObjectHideFlags: 1
  m_PrefabParentObject: {fileID: 0}
  m_PrefabInternal: {fileID: 100100000}
  m_GameObject: {fileID: 1067773779152134}
  m_LocalRotation: {x: 0.13180184, y: -0.000000118930686, z: -0.000000016531107, w: 0.9912761}
  m_LocalPosition: {x: -5.529431e-20, y: 0.004574995, z: 0}
  m_LocalScale: {x: 1, y: 0.9999999, z: 1}
  m_Children:
  - {fileID: 4652559456650196}
  m_Father: {fileID: 4499408059708972}
  m_RootOrder: 1
  m_LocalEulerAnglesHint: {x: 0, y: 0, z: 0}
--- !u!4 &4361678906051802
Transform:
  m_ObjectHideFlags: 1
  m_PrefabParentObject: {fileID: 0}
  m_PrefabInternal: {fileID: 100100000}
  m_GameObject: {fileID: 1649839769054848}
  m_LocalRotation: {x: -0.24903132, y: -0.08487739, z: 0.33081368, w: 0.90627897}
  m_LocalPosition: {x: -0.0011865867, y: 0.0017236482, z: 0.0000071676377}
  m_LocalScale: {x: 0.9999999, y: 1.0000001, z: 1}
  m_Children:
  - {fileID: 4789164095556860}
  m_Father: {fileID: 4822910706919750}
  m_RootOrder: 3
  m_LocalEulerAnglesHint: {x: 0, y: 0, z: 0}
--- !u!4 &4369567709827528
Transform:
  m_ObjectHideFlags: 1
  m_PrefabParentObject: {fileID: 0}
  m_PrefabInternal: {fileID: 100100000}
  m_GameObject: {fileID: 1008386957577808}
  m_LocalRotation: {x: -0.70710677, y: 7.105428e-15, z: 7.549517e-15, w: 0.7071068}
  m_LocalPosition: {x: -0, y: 0.00428, z: -0.00061}
  m_LocalScale: {x: 1, y: 1, z: 1}
  m_Children: []
  m_Father: {fileID: 4652559456650196}
  m_RootOrder: 3
  m_LocalEulerAnglesHint: {x: 0, y: 0, z: 0}
--- !u!4 &4389931181086026
Transform:
  m_ObjectHideFlags: 1
  m_PrefabParentObject: {fileID: 0}
  m_PrefabInternal: {fileID: 100100000}
  m_GameObject: {fileID: 1147733440853882}
  m_LocalRotation: {x: -0.0067347456, y: 0.0333143, z: -0.009874989, w: 0.99937344}
  m_LocalPosition: {x: 0.0000000010803342, y: 0.0049111503, z: -0.0000000010058283}
  m_LocalScale: {x: 1, y: 0.9999998, z: 1}
  m_Children:
  - {fileID: 4427369720906850}
  - {fileID: 4441166679457056}
  - {fileID: 4168530953096878}
  - {fileID: 4138448824535692}
  m_Father: {fileID: 4274224914796860}
  m_RootOrder: 0
  m_LocalEulerAnglesHint: {x: 0, y: 0, z: 0}
--- !u!4 &4399253413596984
Transform:
  m_ObjectHideFlags: 1
  m_PrefabParentObject: {fileID: 0}
  m_PrefabInternal: {fileID: 100100000}
  m_GameObject: {fileID: 1868340427576154}
  m_LocalRotation: {x: 0.70851064, y: 0.026937446, z: -0.7051816, w: 0.0024599761}
  m_LocalPosition: {x: 0.0019249853, y: 0.0012381043, z: 0.00011372021}
  m_LocalScale: {x: 0.9999721, y: 0.9999998, z: 0.99998087}
  m_Children:
  - {fileID: 4482934542796936}
  m_Father: {fileID: 4150149865699024}
  m_RootOrder: 1
  m_LocalEulerAnglesHint: {x: 0, y: 0, z: 0}
--- !u!4 &4406834291259216
Transform:
  m_ObjectHideFlags: 1
  m_PrefabParentObject: {fileID: 0}
  m_PrefabInternal: {fileID: 100100000}
  m_GameObject: {fileID: 1520760883595160}
  m_LocalRotation: {x: -0.06027312, y: 0.00023470484, z: -0.003886798, w: 0.99817437}
  m_LocalPosition: {x: 5.7782212e-12, y: 0.001070193, z: 0.0000000015017901}
  m_LocalScale: {x: 1, y: 0.9999999, z: 1}
  m_Children:
  - {fileID: 4965965912506970}
  m_Father: {fileID: 4537639931847134}
  m_RootOrder: 0
  m_LocalEulerAnglesHint: {x: 0, y: 0, z: 0}
--- !u!4 &4414219429391420
Transform:
  m_ObjectHideFlags: 1
  m_PrefabParentObject: {fileID: 0}
  m_PrefabInternal: {fileID: 100100000}
  m_GameObject: {fileID: 1454822258782378}
  m_LocalRotation: {x: -0.7071068, y: 0, z: -0, w: 0.7071067}
  m_LocalPosition: {x: -0, y: 0, z: 0}
  m_LocalScale: {x: 100, y: 100, z: 100}
  m_Children: []
  m_Father: {fileID: 4022577072227156}
  m_RootOrder: 1
  m_LocalEulerAnglesHint: {x: 0, y: 0, z: 0}
--- !u!4 &4418762494630988
Transform:
  m_ObjectHideFlags: 1
  m_PrefabParentObject: {fileID: 0}
  m_PrefabInternal: {fileID: 100100000}
  m_GameObject: {fileID: 1147145977676792}
  m_LocalRotation: {x: 0.0023106001, y: 0.9929428, z: -0.06035409, w: -0.10206156}
  m_LocalPosition: {x: -1.0644271e-10, y: 0.0010701934, z: 5.0320637e-10}
  m_LocalScale: {x: 1, y: 0.99999964, z: 1}
  m_Children:
  - {fileID: 4862555222304762}
  m_Father: {fileID: 4441166679457056}
  m_RootOrder: 0
  m_LocalEulerAnglesHint: {x: 0, y: 0, z: 0}
--- !u!4 &4426368305162240
Transform:
  m_ObjectHideFlags: 1
  m_PrefabParentObject: {fileID: 0}
  m_PrefabInternal: {fileID: 100100000}
  m_GameObject: {fileID: 1123829910815314}
  m_LocalRotation: {x: -0.16245487, y: -0.6194514, z: 0.036895193, w: 0.7671553}
  m_LocalPosition: {x: 0.0000000019744038, y: 0.003512068, z: 5.2154064e-10}
  m_LocalScale: {x: 0.99999994, y: 1, z: 0.99999994}
  m_Children:
  - {fileID: 4274224914796860}
  m_Father: {fileID: 4990877287277388}
  m_RootOrder: 0
  m_LocalEulerAnglesHint: {x: 0, y: 0, z: 0}
--- !u!4 &4427369720906850
Transform:
  m_ObjectHideFlags: 1
  m_PrefabParentObject: {fileID: 0}
  m_PrefabInternal: {fileID: 100100000}
  m_GameObject: {fileID: 1889140574366322}
  m_LocalRotation: {x: -0.018242342, y: 0.49500132, z: -0.0042270813, w: 0.86869043}
  m_LocalPosition: {x: 0.00031160223, y: 0.0023335794, z: -0.0005519324}
  m_LocalScale: {x: 0.9999999, y: 1, z: 1}
  m_Children:
  - {fileID: 4246014256437780}
  m_Father: {fileID: 4389931181086026}
  m_RootOrder: 0
  m_LocalEulerAnglesHint: {x: 0, y: 0, z: 0}
--- !u!4 &4441166679457056
Transform:
  m_ObjectHideFlags: 1
  m_PrefabParentObject: {fileID: 0}
  m_PrefabInternal: {fileID: 100100000}
  m_GameObject: {fileID: 1945661005688074}
  m_LocalRotation: {x: 0.001172571, y: 0.49533597, z: 0.029823277, w: 0.8681886}
  m_LocalPosition: {x: -0.000017373859, y: 0.0023220412, z: 0.0000043202563}
  m_LocalScale: {x: 0.99999994, y: 0.99999994, z: 1}
  m_Children:
  - {fileID: 4418762494630988}
  m_Father: {fileID: 4389931181086026}
  m_RootOrder: 1
  m_LocalEulerAnglesHint: {x: 0, y: 0, z: 0}
--- !u!4 &4449908531989132
Transform:
  m_ObjectHideFlags: 1
  m_PrefabParentObject: {fileID: 0}
  m_PrefabInternal: {fileID: 100100000}
  m_GameObject: {fileID: 1471376699147306}
  m_LocalRotation: {x: -0.013736188, y: 0.001629159, z: 0.012726648, w: 0.99982333}
  m_LocalPosition: {x: -0.0006337193, y: 0.0023335817, z: -0.000011225785}
  m_LocalScale: {x: 0.9999999, y: 1.0000001, z: 0.99999994}
  m_Children:
  - {fileID: 4021974845296078}
  m_Father: {fileID: 4822910706919750}
  m_RootOrder: 0
  m_LocalEulerAnglesHint: {x: 0, y: 0, z: 0}
--- !u!4 &4482934542796936
Transform:
  m_ObjectHideFlags: 1
  m_PrefabParentObject: {fileID: 0}
  m_PrefabInternal: {fileID: 100100000}
  m_GameObject: {fileID: 1796626298683212}
  m_LocalRotation: {x: 0.0010073688, y: 0.7051166, z: 0.028384916, w: 0.7085224}
  m_LocalPosition: {x: 1.7462298e-12, y: 0.009147601, z: -4.3655746e-11}
  m_LocalScale: {x: 0.99999994, y: 1, z: 0.99999994}
  m_Children:
  - {fileID: 4838524986370522}
  m_Father: {fileID: 4399253413596984}
  m_RootOrder: 0
  m_LocalEulerAnglesHint: {x: 0, y: 0, z: 0}
--- !u!4 &4499408059708972
Transform:
  m_ObjectHideFlags: 1
  m_PrefabParentObject: {fileID: 0}
  m_PrefabInternal: {fileID: 100100000}
  m_GameObject: {fileID: 1617176356254850}
  m_LocalRotation: {x: 0.007101065, y: -4.6413112e-10, z: -5.0174e-10, w: 0.9999748}
  m_LocalPosition: {x: 1.3422423e-18, y: 0.002545942, z: -2.0954757e-11}
  m_LocalScale: {x: 1, y: 1, z: 1}
  m_Children:
  - {fileID: 4916481178436682}
  - {fileID: 4326390326824718}
  - {fileID: 4990877287277388}
  m_Father: {fileID: 4023356121324202}
  m_RootOrder: 0
  m_LocalEulerAnglesHint: {x: 0, y: 0, z: 0}
--- !u!4 &4509921605944834
Transform:
  m_ObjectHideFlags: 1
  m_PrefabParentObject: {fileID: 0}
  m_PrefabInternal: {fileID: 100100000}
  m_GameObject: {fileID: 1874200064048596}
  m_LocalRotation: {x: 0, y: -0, z: -0, w: 1}
  m_LocalPosition: {x: -0, y: 0.001653903, z: 0}
  m_LocalScale: {x: 1, y: 1, z: 1}
  m_Children: []
  m_Father: {fileID: 4055752648601976}
  m_RootOrder: 0
  m_LocalEulerAnglesHint: {x: 0, y: 0, z: 0}
--- !u!4 &4537639931847134
Transform:
  m_ObjectHideFlags: 1
  m_PrefabParentObject: {fileID: 0}
  m_PrefabInternal: {fileID: 100100000}
  m_GameObject: {fileID: 1728635369056176}
  m_LocalRotation: {x: -0.013789482, y: 0.0010895345, z: -0.02646983, w: 0.9995539}
  m_LocalPosition: {x: 0.000012531336, y: 0.0023220438, z: -0.000012788286}
  m_LocalScale: {x: 0.99999994, y: 0.99999994, z: 0.99999994}
  m_Children:
  - {fileID: 4406834291259216}
  m_Father: {fileID: 4822910706919750}
  m_RootOrder: 1
  m_LocalEulerAnglesHint: {x: 0, y: 0, z: 0}
--- !u!4 &4590278383691412
Transform:
  m_ObjectHideFlags: 1
  m_PrefabParentObject: {fileID: 0}
  m_PrefabInternal: {fileID: 100100000}
  m_GameObject: {fileID: 1752459285616846}
  m_LocalRotation: {x: -0.7071068, y: 0, z: -0, w: 0.7071067}
  m_LocalPosition: {x: -0, y: 0, z: 0}
  m_LocalScale: {x: 100, y: 100, z: 100}
  m_Children: []
  m_Father: {fileID: 4022577072227156}
  m_RootOrder: 5
  m_LocalEulerAnglesHint: {x: 0, y: 0, z: 0}
--- !u!4 &4613745774048626
Transform:
  m_ObjectHideFlags: 1
  m_PrefabParentObject: {fileID: 0}
  m_PrefabInternal: {fileID: 100100000}
  m_GameObject: {fileID: 1594446227863544}
  m_LocalRotation: {x: -0.70710677, y: 7.105428e-15, z: 7.549517e-15, w: 0.7071068}
  m_LocalPosition: {x: -0, y: 0.00426, z: -0.00013}
  m_LocalScale: {x: 1, y: 1, z: 1}
  m_Children: []
  m_Father: {fileID: 4652559456650196}
  m_RootOrder: 1
  m_LocalEulerAnglesHint: {x: 0, y: 0, z: 0}
--- !u!4 &4628826629574840
Transform:
  m_ObjectHideFlags: 1
  m_PrefabParentObject: {fileID: 0}
  m_PrefabInternal: {fileID: 100100000}
  m_GameObject: {fileID: 1189667892760830}
  m_LocalRotation: {x: 0.7080104, y: -0.0025670375, z: -0.7056671, w: -0.02736234}
  m_LocalPosition: {x: -0.0019249853, y: 0.0012381043, z: 0.00011372112}
  m_LocalScale: {x: 0.99997175, y: 0.9999999, z: 0.99998057}
  m_Children:
  - {fileID: 4084806176945702}
  m_Father: {fileID: 4150149865699024}
  m_RootOrder: 0
  m_LocalEulerAnglesHint: {x: 0, y: 0, z: 0}
--- !u!4 &4636804680767658
Transform:
  m_ObjectHideFlags: 1
  m_PrefabParentObject: {fileID: 0}
  m_PrefabInternal: {fileID: 100100000}
  m_GameObject: {fileID: 1597535668398556}
  m_LocalRotation: {x: -0.013832096, y: -0.00009873751, z: -0.11221377, w: 0.9935878}
  m_LocalPosition: {x: 0.00058228796, y: 0.0019539092, z: -0.000004314839}
  m_LocalScale: {x: 1, y: 1.0000001, z: 0.99999994}
  m_Children:
  - {fileID: 4296221549547184}
  m_Father: {fileID: 4822910706919750}
  m_RootOrder: 2
  m_LocalEulerAnglesHint: {x: 0, y: 0, z: 0}
--- !u!4 &4652559456650196
Transform:
  m_ObjectHideFlags: 1
  m_PrefabParentObject: {fileID: 0}
  m_PrefabInternal: {fileID: 100100000}
  m_GameObject: {fileID: 1180844515004768}
  m_LocalRotation: {x: -0.09289491, y: 0.00000011946884, z: 0.000000011848957, w: 0.9956759}
  m_LocalPosition: {x: -1.2406742e-16, y: 0.0017690223, z: 8.1490725e-10}
  m_LocalScale: {x: 1, y: 0.99999994, z: 0.9999999}
  m_Children:
  - {fileID: 4109235942547736}
  - {fileID: 4613745774048626}
  - {fileID: 4030957721353524}
  - {fileID: 4369567709827528}
  m_Father: {fileID: 4326390326824718}
  m_RootOrder: 0
  m_LocalEulerAnglesHint: {x: 0, y: 0, z: 0}
--- !u!4 &4669291773404900
Transform:
  m_ObjectHideFlags: 1
  m_PrefabParentObject: {fileID: 0}
  m_PrefabInternal: {fileID: 100100000}
  m_GameObject: {fileID: 1778018907122930}
  m_LocalRotation: {x: -0.7071068, y: 0, z: -0, w: 0.7071067}
  m_LocalPosition: {x: -0, y: 0, z: 0}
  m_LocalScale: {x: 100, y: 100, z: 100}
  m_Children: []
  m_Father: {fileID: 4022577072227156}
  m_RootOrder: 2
  m_LocalEulerAnglesHint: {x: 0, y: 0, z: 0}
--- !u!4 &4688443063856404
Transform:
  m_ObjectHideFlags: 1
  m_PrefabParentObject: {fileID: 0}
  m_PrefabInternal: {fileID: 100100000}
  m_GameObject: {fileID: 1341337932335166}
  m_LocalRotation: {x: 0, y: 0, z: 0, w: 1}
  m_LocalPosition: {x: 0.768, y: 1.877, z: 1}
  m_LocalScale: {x: 1, y: 1, z: 1}
  m_Children: []
  m_Father: {fileID: 4022577072227156}
  m_RootOrder: 6
  m_LocalEulerAnglesHint: {x: 0, y: 0, z: 0}
--- !u!4 &4706730402843298
Transform:
  m_ObjectHideFlags: 1
  m_PrefabParentObject: {fileID: 0}
  m_PrefabInternal: {fileID: 100100000}
  m_GameObject: {fileID: 1262134450966918}
  m_LocalRotation: {x: 0, y: -0, z: -0, w: 1}
  m_LocalPosition: {x: -0, y: 0.0009992825, z: 0}
  m_LocalScale: {x: 1, y: 1, z: 1}
  m_Children: []
  m_Father: {fileID: 4296221549547184}
  m_RootOrder: 0
  m_LocalEulerAnglesHint: {x: 0, y: 0, z: 0}
--- !u!4 &4719239505053642
Transform:
  m_ObjectHideFlags: 1
  m_PrefabParentObject: {fileID: 0}
  m_PrefabInternal: {fileID: 100100000}
  m_GameObject: {fileID: 1661068942071278}
  m_LocalRotation: {x: -0.7071068, y: 0, z: -0, w: 0.7071067}
  m_LocalPosition: {x: -0, y: 0, z: 0}
  m_LocalScale: {x: 100, y: 100, z: 100}
  m_Children: []
  m_Father: {fileID: 4022577072227156}
  m_RootOrder: 3
  m_LocalEulerAnglesHint: {x: 0, y: 0, z: 0}
--- !u!4 &4731881714197656
Transform:
  m_ObjectHideFlags: 1
  m_PrefabParentObject: {fileID: 0}
  m_PrefabInternal: {fileID: 100100000}
  m_GameObject: {fileID: 1076009376160012}
  m_LocalRotation: {x: -0.7071068, y: 0, z: -0, w: 0.7071067}
  m_LocalPosition: {x: -0, y: 0, z: 0}
  m_LocalScale: {x: 100, y: 100, z: 100}
  m_Children: []
  m_Father: {fileID: 4022577072227156}
  m_RootOrder: 4
  m_LocalEulerAnglesHint: {x: 0, y: 0, z: 0}
--- !u!4 &4748841673532228
Transform:
  m_ObjectHideFlags: 1
  m_PrefabParentObject: {fileID: 0}
  m_PrefabInternal: {fileID: 100100000}
  m_GameObject: {fileID: 1327088889554774}
  m_LocalRotation: {x: 0.000012842432, y: 0.83838546, z: -0.5450778, w: 0.00001932521}
  m_LocalPosition: {x: 7.235371e-11, y: 0.0071356646, z: -5.694688e-11}
  m_LocalScale: {x: 1, y: 1.0000002, z: 1}
  m_Children:
  - {fileID: 4884214952037918}
  m_Father: {fileID: 4084806176945702}
  m_RootOrder: 0
  m_LocalEulerAnglesHint: {x: 0, y: 0, z: 0}
--- !u!4 &4765052673587228
Transform:
  m_ObjectHideFlags: 1
  m_PrefabParentObject: {fileID: 0}
  m_PrefabInternal: {fileID: 100100000}
  m_GameObject: {fileID: 1438463150599336}
  m_LocalRotation: {x: 0, y: -0, z: -0, w: 1}
  m_LocalPosition: {x: -0, y: 0.00073891116, z: 0}
  m_LocalScale: {x: 1, y: 1, z: 1}
  m_Children: []
  m_Father: {fileID: 4849483262927364}
  m_RootOrder: 0
  m_LocalEulerAnglesHint: {x: 0, y: 0, z: 0}
--- !u!4 &4789164095556860
Transform:
  m_ObjectHideFlags: 1
  m_PrefabParentObject: {fileID: 0}
  m_PrefabInternal: {fileID: 100100000}
  m_GameObject: {fileID: 1978906456270428}
  m_LocalRotation: {x: 0.06068356, y: 0.1189773, z: -0.30307856, w: 0.9435599}
  m_LocalPosition: {x: -4.656613e-10, y: 0.0010749729, z: 3.7252902e-11}
  m_LocalScale: {x: 0.99999994, y: 1, z: 1}
  m_Children:
  - {fileID: 4972897557983064}
  m_Father: {fileID: 4361678906051802}
  m_RootOrder: 0
  m_LocalEulerAnglesHint: {x: 0, y: 0, z: 0}
--- !u!4 &4822910706919750
Transform:
  m_ObjectHideFlags: 1
  m_PrefabParentObject: {fileID: 0}
  m_PrefabInternal: {fileID: 100100000}
  m_GameObject: {fileID: 1353296268405760}
  m_LocalRotation: {x: 0.005444479, y: -0.0009779016, z: 0.010640922, w: 0.9999281}
  m_LocalPosition: {x: -1.6065314e-10, y: 0.004911151, z: 3.725904e-10}
  m_LocalScale: {x: 0.99999994, y: 0.9999999, z: 0.99999994}
  m_Children:
  - {fileID: 4449908531989132}
  - {fileID: 4537639931847134}
  - {fileID: 4636804680767658}
  - {fileID: 4361678906051802}
  m_Father: {fileID: 4956046529020946}
  m_RootOrder: 0
  m_LocalEulerAnglesHint: {x: 0, y: 0, z: 0}
--- !u!4 &4838524986370522
Transform:
  m_ObjectHideFlags: 1
  m_PrefabParentObject: {fileID: 0}
  m_PrefabInternal: {fileID: 100100000}
  m_GameObject: {fileID: 1810970904159444}
  m_LocalRotation: {x: -0.000012438394, y: 0.8383865, z: -0.5450764, w: -0.00001944571}
  m_LocalPosition: {x: 3.6127146e-10, y: 0.007135666, z: -5.302026e-11}
  m_LocalScale: {x: 1, y: 0.99999976, z: 0.99999994}
  m_Children:
  - {fileID: 4055752648601976}
  m_Father: {fileID: 4482934542796936}
  m_RootOrder: 0
  m_LocalEulerAnglesHint: {x: 0, y: 0, z: 0}
--- !u!4 &4847639582323086
Transform:
  m_ObjectHideFlags: 1
  m_PrefabParentObject: {fileID: 0}
  m_PrefabInternal: {fileID: 100100000}
  m_GameObject: {fileID: 1420468046122706}
  m_LocalRotation: {x: 0, y: -0, z: -0, w: 1}
  m_LocalPosition: {x: -0, y: 0.001653903, z: 0}
  m_LocalScale: {x: 1, y: 1, z: 1}
  m_Children: []
  m_Father: {fileID: 4884214952037918}
  m_RootOrder: 0
  m_LocalEulerAnglesHint: {x: 0, y: 0, z: 0}
--- !u!4 &4849483262927364
Transform:
  m_ObjectHideFlags: 1
  m_PrefabParentObject: {fileID: 0}
  m_PrefabInternal: {fileID: 100100000}
  m_GameObject: {fileID: 1126562968954194}
  m_LocalRotation: {x: -0.29223394, y: 0.38657203, z: 0.100689955, w: 0.86892056}
  m_LocalPosition: {x: 1.8626451e-11, y: 0.0010749714, z: 6.705522e-10}
  m_LocalScale: {x: 1.0000001, y: 0.99999976, z: 0.9999999}
  m_Children:
  - {fileID: 4765052673587228}
  m_Father: {fileID: 4138448824535692}
  m_RootOrder: 0
  m_LocalEulerAnglesHint: {x: 0, y: 0, z: 0}
--- !u!4 &4851664132801830
Transform:
  m_ObjectHideFlags: 1
  m_PrefabParentObject: {fileID: 0}
  m_PrefabInternal: {fileID: 100100000}
  m_GameObject: {fileID: 1010189676493826}
  m_LocalRotation: {x: 0.07942657, y: 0.89494896, z: -0.042098533, w: -0.4370189}
  m_LocalPosition: {x: 6.288161e-11, y: 0.0013475863, z: 0.0000000011045262}
  m_LocalScale: {x: 0.9999999, y: 1, z: 1}
  m_Children:
  - {fileID: 4930148648103912}
  m_Father: {fileID: 4168530953096878}
  m_RootOrder: 0
  m_LocalEulerAnglesHint: {x: 0, y: 0, z: 0}
--- !u!4 &4862555222304762
Transform:
  m_ObjectHideFlags: 1
  m_PrefabParentObject: {fileID: 0}
  m_PrefabInternal: {fileID: 100100000}
  m_GameObject: {fileID: 1737538410725098}
  m_LocalRotation: {x: 0, y: -0, z: -0, w: 1}
  m_LocalPosition: {x: -0, y: 0.0012022994, z: 0}
  m_LocalScale: {x: 1, y: 1, z: 1}
  m_Children: []
  m_Father: {fileID: 4418762494630988}
  m_RootOrder: 0
  m_LocalEulerAnglesHint: {x: 0, y: 0, z: 0}
--- !u!4 &4884214952037918
Transform:
  m_ObjectHideFlags: 1
  m_PrefabParentObject: {fileID: 0}
  m_PrefabInternal: {fileID: 100100000}
  m_GameObject: {fileID: 1843156751883080}
  m_LocalRotation: {x: 0.22953044, y: 0.0000013355183, z: 0.00000043112885, w: 0.9733015}
  m_LocalPosition: {x: 1.9778329e-10, y: 0.00218148, z: -3.0477166e-11}
  m_LocalScale: {x: 1, y: 1, z: 1}
  m_Children:
  - {fileID: 4847639582323086}
  m_Father: {fileID: 4748841673532228}
  m_RootOrder: 0
  m_LocalEulerAnglesHint: {x: 0, y: 0, z: 0}
--- !u!4 &4916481178436682
Transform:
  m_ObjectHideFlags: 1
  m_PrefabParentObject: {fileID: 0}
  m_PrefabInternal: {fileID: 100100000}
  m_GameObject: {fileID: 1443215133435710}
  m_LocalRotation: {x: 0.60987276, y: -0.31013092, z: -0.5603552, w: -0.46677214}
  m_LocalPosition: {x: -0.0012271678, y: 0.0041264133, z: -0.000035202876}
  m_LocalScale: {x: 0.99999994, y: 1, z: 0.99999994}
  m_Children:
  - {fileID: 4309877660343808}
  m_Father: {fileID: 4499408059708972}
  m_RootOrder: 0
  m_LocalEulerAnglesHint: {x: 0, y: 0, z: 0}
--- !u!4 &4930148648103912
Transform:
  m_ObjectHideFlags: 1
  m_PrefabParentObject: {fileID: 0}
  m_PrefabInternal: {fileID: 100100000}
  m_GameObject: {fileID: 1934070232464138}
  m_LocalRotation: {x: 0, y: -0, z: -0, w: 1}
  m_LocalPosition: {x: -0, y: 0.0009992825, z: 0}
  m_LocalScale: {x: 1, y: 1, z: 1}
  m_Children: []
  m_Father: {fileID: 4851664132801830}
  m_RootOrder: 0
  m_LocalEulerAnglesHint: {x: 0, y: 0, z: 0}
--- !u!4 &4956046529020946
Transform:
  m_ObjectHideFlags: 1
  m_PrefabParentObject: {fileID: 0}
  m_PrefabInternal: {fileID: 100100000}
  m_GameObject: {fileID: 1633861684696038}
  m_LocalRotation: {x: 0.07821335, y: -0.0020181257, z: 0.007903606, w: 0.9969033}
  m_LocalPosition: {x: -0, y: 0.00628391, z: -0.0000000017084676}
  m_LocalScale: {x: 0.9999998, y: 1, z: 0.99999994}
  m_Children:
  - {fileID: 4822910706919750}
  m_Father: {fileID: 4309877660343808}
  m_RootOrder: 0
  m_LocalEulerAnglesHint: {x: 0, y: 0, z: 0}
--- !u!4 &4965965912506970
Transform:
  m_ObjectHideFlags: 1
  m_PrefabParentObject: {fileID: 0}
  m_PrefabInternal: {fileID: 100100000}
  m_GameObject: {fileID: 1777230945246796}
  m_LocalRotation: {x: 0, y: -0, z: -0, w: 1}
  m_LocalPosition: {x: -0, y: 0.0012022994, z: 0}
  m_LocalScale: {x: 1, y: 1, z: 1}
  m_Children: []
  m_Father: {fileID: 4406834291259216}
  m_RootOrder: 0
  m_LocalEulerAnglesHint: {x: 0, y: 0, z: 0}
--- !u!4 &4972897557983064
Transform:
  m_ObjectHideFlags: 1
  m_PrefabParentObject: {fileID: 0}
  m_PrefabInternal: {fileID: 100100000}
  m_GameObject: {fileID: 1567321271954090}
  m_LocalRotation: {x: 0, y: -0, z: -0, w: 1}
  m_LocalPosition: {x: -0, y: 0.00073891116, z: 0}
  m_LocalScale: {x: 1, y: 1, z: 1}
  m_Children: []
  m_Father: {fileID: 4789164095556860}
  m_RootOrder: 0
  m_LocalEulerAnglesHint: {x: 0, y: 0, z: 0}
--- !u!4 &4979445384697716
Transform:
  m_ObjectHideFlags: 1
  m_PrefabParentObject: {fileID: 0}
  m_PrefabInternal: {fileID: 100100000}
  m_GameObject: {fileID: 1905127404605178}
  m_LocalRotation: {x: 0, y: -0, z: -0, w: 1}
  m_LocalPosition: {x: -0, y: 0.0012798767, z: 0}
  m_LocalScale: {x: 1, y: 1, z: 1}
  m_Children: []
  m_Father: {fileID: 4246014256437780}
  m_RootOrder: 0
  m_LocalEulerAnglesHint: {x: 0, y: 0, z: 0}
--- !u!4 &4990877287277388
Transform:
  m_ObjectHideFlags: 1
  m_PrefabParentObject: {fileID: 0}
  m_PrefabInternal: {fileID: 100100000}
  m_GameObject: {fileID: 1347357476311432}
  m_LocalRotation: {x: 0.7970146, y: 0.56008226, z: -0.22518903, w: 0.01911833}
  m_LocalPosition: {x: 0.0012271678, y: 0.0041264133, z: -0.000035202876}
  m_LocalScale: {x: 1, y: 0.99999994, z: 1}
  m_Children:
  - {fileID: 4426368305162240}
  m_Father: {fileID: 4499408059708972}
  m_RootOrder: 2
  m_LocalEulerAnglesHint: {x: 0, y: 0, z: 0}
--- !u!23 &23514454483077670
MeshRenderer:
  m_ObjectHideFlags: 1
  m_PrefabParentObject: {fileID: 0}
  m_PrefabInternal: {fileID: 100100000}
  m_GameObject: {fileID: 1008386957577808}
  m_Enabled: 1
  m_CastShadows: 1
  m_ReceiveShadows: 1
  m_DynamicOccludee: 1
  m_MotionVectors: 1
  m_LightProbeUsage: 1
  m_ReflectionProbeUsage: 1
  m_RenderingLayerMask: 4294967295
  m_Materials:
  - {fileID: 2100000, guid: 4cb4f07f44d4a744892be34c3e2cde2e, type: 2}
  m_StaticBatchInfo:
    firstSubMesh: 0
    subMeshCount: 0
  m_StaticBatchRoot: {fileID: 0}
  m_ProbeAnchor: {fileID: 0}
  m_LightProbeVolumeOverride: {fileID: 0}
  m_ScaleInLightmap: 1
  m_PreserveUVs: 0
  m_IgnoreNormalsForChartDetection: 0
  m_ImportantGI: 0
  m_StitchLightmapSeams: 0
  m_SelectedEditorRenderState: 3
  m_MinimumChartSize: 4
  m_AutoUVMaxDistance: 0.5
  m_AutoUVMaxAngle: 89
  m_LightmapParameters: {fileID: 0}
  m_SortingLayerID: 0
  m_SortingLayer: 0
  m_SortingOrder: 0
--- !u!23 &23580138047515638
MeshRenderer:
  m_ObjectHideFlags: 1
  m_PrefabParentObject: {fileID: 0}
  m_PrefabInternal: {fileID: 100100000}
  m_GameObject: {fileID: 1088499986816084}
  m_Enabled: 1
  m_CastShadows: 1
  m_ReceiveShadows: 1
  m_DynamicOccludee: 1
  m_MotionVectors: 1
  m_LightProbeUsage: 1
  m_ReflectionProbeUsage: 1
  m_RenderingLayerMask: 4294967295
  m_Materials:
  - {fileID: 2100000, guid: 4cb4f07f44d4a744892be34c3e2cde2e, type: 2}
  m_StaticBatchInfo:
    firstSubMesh: 0
    subMeshCount: 0
  m_StaticBatchRoot: {fileID: 0}
  m_ProbeAnchor: {fileID: 0}
  m_LightProbeVolumeOverride: {fileID: 0}
  m_ScaleInLightmap: 1
  m_PreserveUVs: 0
  m_IgnoreNormalsForChartDetection: 0
  m_ImportantGI: 0
  m_StitchLightmapSeams: 0
  m_SelectedEditorRenderState: 3
  m_MinimumChartSize: 4
  m_AutoUVMaxDistance: 0.5
  m_AutoUVMaxAngle: 89
  m_LightmapParameters: {fileID: 0}
  m_SortingLayerID: 0
  m_SortingLayer: 0
  m_SortingOrder: 0
--- !u!23 &23605573118135600
MeshRenderer:
  m_ObjectHideFlags: 1
  m_PrefabParentObject: {fileID: 0}
  m_PrefabInternal: {fileID: 100100000}
  m_GameObject: {fileID: 1594446227863544}
  m_Enabled: 1
  m_CastShadows: 1
  m_ReceiveShadows: 1
  m_DynamicOccludee: 1
  m_MotionVectors: 1
  m_LightProbeUsage: 1
  m_ReflectionProbeUsage: 1
  m_RenderingLayerMask: 4294967295
  m_Materials:
  - {fileID: 2100000, guid: 4cb4f07f44d4a744892be34c3e2cde2e, type: 2}
  m_StaticBatchInfo:
    firstSubMesh: 0
    subMeshCount: 0
  m_StaticBatchRoot: {fileID: 0}
  m_ProbeAnchor: {fileID: 0}
  m_LightProbeVolumeOverride: {fileID: 0}
  m_ScaleInLightmap: 1
  m_PreserveUVs: 0
  m_IgnoreNormalsForChartDetection: 0
  m_ImportantGI: 0
  m_StitchLightmapSeams: 0
  m_SelectedEditorRenderState: 3
  m_MinimumChartSize: 4
  m_AutoUVMaxDistance: 0.5
  m_AutoUVMaxAngle: 89
  m_LightmapParameters: {fileID: 0}
  m_SortingLayerID: 0
  m_SortingLayer: 0
  m_SortingOrder: 0
--- !u!33 &33098078824808874
MeshFilter:
  m_ObjectHideFlags: 1
  m_PrefabParentObject: {fileID: 0}
  m_PrefabInternal: {fileID: 100100000}
  m_GameObject: {fileID: 1008386957577808}
  m_Mesh: {fileID: 4300000, guid: 04f339f5578f1984789615baf40b2573, type: 3}
--- !u!33 &33384122604977998
MeshFilter:
  m_ObjectHideFlags: 1
  m_PrefabParentObject: {fileID: 0}
  m_PrefabInternal: {fileID: 100100000}
  m_GameObject: {fileID: 1088499986816084}
  m_Mesh: {fileID: 4300000, guid: a01d59d8280199f418eb55b36d3aed0d, type: 3}
--- !u!33 &33697871732581828
MeshFilter:
  m_ObjectHideFlags: 1
  m_PrefabParentObject: {fileID: 0}
  m_PrefabInternal: {fileID: 100100000}
  m_GameObject: {fileID: 1594446227863544}
  m_Mesh: {fileID: 4300000, guid: 7b695fef250b9f34a910bf94b5e1c3cf, type: 3}
--- !u!54 &54239960544075768
Rigidbody:
  m_ObjectHideFlags: 1
  m_PrefabParentObject: {fileID: 0}
  m_PrefabInternal: {fileID: 100100000}
  m_GameObject: {fileID: 1560024473475894}
  serializedVersion: 2
  m_Mass: 1
  m_Drag: 0
  m_AngularDrag: 0.05
  m_UseGravity: 1
  m_IsKinematic: 0
  m_Interpolate: 0
  m_Constraints: 0
  m_CollisionDetection: 2
--- !u!95 &95609292621098508
Animator:
  serializedVersion: 3
  m_ObjectHideFlags: 1
  m_PrefabParentObject: {fileID: 0}
  m_PrefabInternal: {fileID: 100100000}
  m_GameObject: {fileID: 1560024473475894}
  m_Enabled: 1
  m_Avatar: {fileID: 9000000, guid: e77c8600ebd3ecf40bfde7f61887bc6b, type: 3}
  m_Controller: {fileID: 9100000, guid: 2dbf1250ba4ad854aa83723e1cf86522, type: 2}
  m_CullingMode: 1
  m_UpdateMode: 0
  m_ApplyRootMotion: 1
  m_LinearVelocityBlending: 0
  m_WarningMessage: 
  m_HasTransformHierarchy: 1
  m_AllowConstantClipSamplingOptimization: 1
  m_KeepAnimatorControllerStateOnDisable: 0
--- !u!114 &114081138794122388
MonoBehaviour:
  m_ObjectHideFlags: 1
  m_PrefabParentObject: {fileID: 0}
  m_PrefabInternal: {fileID: 100100000}
  m_GameObject: {fileID: 1560024473475894}
  m_Enabled: 1
  m_EditorHideFlags: 0
  m_Script: {fileID: 11500000, guid: aa50ac98d80b8c942b1187a9003d4d25, type: 3}
  m_Name: 
  m_EditorClassIdentifier: 
  mouseActive: 0
  mouseEvents:
    m_PersistentCalls:
      m_Calls: []
    m_TypeName: CharacterUserControl+MouseEvent, Assembly-CSharp, Version=0.0.0.0,
      Culture=neutral, PublicKeyToken=null
--- !u!114 &114166654859318574
MonoBehaviour:
  m_ObjectHideFlags: 1
  m_PrefabParentObject: {fileID: 0}
  m_PrefabInternal: {fileID: 100100000}
  m_GameObject: {fileID: 1560024473475894}
  m_Enabled: 1
  m_EditorHideFlags: 0
  m_Script: {fileID: 1590678366, guid: 870353891bb340e2b2a9c8707e7419ba, type: 3}
  m_Name: 
  m_EditorClassIdentifier: 
  m_Animator: {fileID: 95609292621098508}
  m_ParameterSendBits: 255
  param0: 
  param1: 
  param2: 
  param3: 
  param4: 
  param5: 
--- !u!114 &114640872354379688
MonoBehaviour:
  m_ObjectHideFlags: 1
  m_PrefabParentObject: {fileID: 0}
  m_PrefabInternal: {fileID: 100100000}
  m_GameObject: {fileID: 1560024473475894}
  m_Enabled: 1
  m_EditorHideFlags: 0
  m_Script: {fileID: -1768714887, guid: 870353891bb340e2b2a9c8707e7419ba, type: 3}
  m_Name: 
  m_EditorClassIdentifier: 
  m_TransformSyncMode: 3
  m_SendInterval: 0.06666667
  m_SyncRotationAxis: 7
  m_RotationSyncCompression: 0
  m_SyncSpin: 1
  m_MovementTheshold: 0.001
  m_VelocityThreshold: 0.0001
  m_SnapThreshold: 5
  m_InterpolateRotation: 4
  m_InterpolateMovement: 1
--- !u!114 &114734054419584080
MonoBehaviour:
  m_ObjectHideFlags: 1
  m_PrefabParentObject: {fileID: 0}
  m_PrefabInternal: {fileID: 100100000}
  m_GameObject: {fileID: 1560024473475894}
  m_Enabled: 1
  m_EditorHideFlags: 0
  m_Script: {fileID: 11500000, guid: 4abd5afe7dd0f8e4a932264a03785126, type: 3}
  m_Name: 
  m_EditorClassIdentifier: 
  customProfile: {fileID: 11400000, guid: 3b90da0d2327a084dab5b0f747164f48, type: 2}
--- !u!114 &114750397690411314
MonoBehaviour:
  m_ObjectHideFlags: 1
  m_PrefabParentObject: {fileID: 0}
  m_PrefabInternal: {fileID: 100100000}
  m_GameObject: {fileID: 1560024473475894}
  m_Enabled: 1
  m_EditorHideFlags: 0
  m_Script: {fileID: 372142912, guid: 870353891bb340e2b2a9c8707e7419ba, type: 3}
  m_Name: 
  m_EditorClassIdentifier: 
  m_SceneId:
    m_Value: 0
  m_AssetId:
    i0: 84
    i1: 28
    i2: 229
    i3: 111
    i4: 232
    i5: 172
    i6: 151
    i7: 4
    i8: 43
    i9: 54
    i10: 157
    i11: 11
    i12: 218
    i13: 160
    i14: 45
    i15: 16
  m_ServerOnly: 0
  m_LocalPlayerAuthority: 1
--- !u!114 &114849258859048832
MonoBehaviour:
  m_ObjectHideFlags: 1
  m_PrefabParentObject: {fileID: 0}
  m_PrefabInternal: {fileID: 100100000}
  m_GameObject: {fileID: 1560024473475894}
  m_Enabled: 0
  m_EditorHideFlags: 0
  m_Script: {fileID: 11500000, guid: 82b1004f0786ba441976ea5fe9929e2d, type: 3}
  m_Name: 
  m_EditorClassIdentifier: 
  throwObject: {fileID: 1094485727504462, guid: ba8a3f602a91e7a4fb1faa542ebf1885,
    type: 2}
--- !u!114 &114865421442106768
MonoBehaviour:
  m_ObjectHideFlags: 1
  m_PrefabParentObject: {fileID: 0}
  m_PrefabInternal: {fileID: 100100000}
  m_GameObject: {fileID: 1560024473475894}
  m_Enabled: 1
  m_EditorHideFlags: 0
  m_Script: {fileID: 11500000, guid: b55fc338e15ecd041b021636fd0db4c2, type: 3}
  m_Name: 
  m_EditorClassIdentifier: 
  isDead: 0
  fadeOutTime: 2.24
  movingTurnSpeed: 360
  stationaryTurnSpeed: 180
  jumpPower: 8
  gravityMultiplier: 2
  runCycleLegOffset: 0.2
  moveSpeedMultiplier: 1
  animSpeedMultiplier: 1
  groundCheckDistance: 0.1
--- !u!114 &114878223781127472
MonoBehaviour:
  m_ObjectHideFlags: 1
  m_PrefabParentObject: {fileID: 0}
  m_PrefabInternal: {fileID: 100100000}
  m_GameObject: {fileID: 1560024473475894}
  m_Enabled: 1
  m_EditorHideFlags: 0
  m_Script: {fileID: 11500000, guid: fe22af8f03da17b46a3fb2d31862194b, type: 3}
  m_Name: 
  m_EditorClassIdentifier: 
  customProfile: {fileID: 11400000, guid: 3b90da0d2327a084dab5b0f747164f48, type: 2}
  customSkinProfile: {fileID: 11400000, guid: c5d4082657f5a934597711d87b231305, type: 2}
  goodGuy: {fileID: 1594446227863544}
  badGuy: {fileID: 1088499986816084}
  freeLook: Cinemachine01
  dollyTrack: Cinemachine02
  spawnPoint: {fileID: 4688443063856404}
--- !u!136 &136418034379995106
CapsuleCollider:
  m_ObjectHideFlags: 1
  m_PrefabParentObject: {fileID: 0}
  m_PrefabInternal: {fileID: 100100000}
  m_GameObject: {fileID: 1560024473475894}
  m_Material: {fileID: 0}
  m_IsTrigger: 0
  m_Enabled: 1
  m_Radius: 0.36698914
  m_Height: 3.415742
  m_Direction: 1
  m_Center: {x: 0, y: 1.7988982, z: -0.13301086}
--- !u!137 &137069133554083154
SkinnedMeshRenderer:
  m_ObjectHideFlags: 1
  m_PrefabParentObject: {fileID: 0}
  m_PrefabInternal: {fileID: 100100000}
  m_GameObject: {fileID: 1752459285616846}
  m_Enabled: 1
  m_CastShadows: 1
  m_ReceiveShadows: 1
  m_DynamicOccludee: 1
  m_MotionVectors: 1
  m_LightProbeUsage: 1
  m_ReflectionProbeUsage: 1
  m_RenderingLayerMask: 4294967295
  m_Materials:
  - {fileID: 2100000, guid: 4cb4f07f44d4a744892be34c3e2cde2e, type: 2}
  m_StaticBatchInfo:
    firstSubMesh: 0
    subMeshCount: 0
  m_StaticBatchRoot: {fileID: 0}
  m_ProbeAnchor: {fileID: 0}
  m_LightProbeVolumeOverride: {fileID: 0}
  m_ScaleInLightmap: 1
  m_PreserveUVs: 0
  m_IgnoreNormalsForChartDetection: 0
  m_ImportantGI: 0
  m_StitchLightmapSeams: 0
  m_SelectedEditorRenderState: 3
  m_MinimumChartSize: 4
  m_AutoUVMaxDistance: 0.5
  m_AutoUVMaxAngle: 89
  m_LightmapParameters: {fileID: 0}
  m_SortingLayerID: 0
  m_SortingLayer: 0
  m_SortingOrder: 0
  serializedVersion: 2
  m_Quality: 0
  m_UpdateWhenOffscreen: 0
  m_SkinnedMotionVectors: 1
  m_Mesh: {fileID: 4300002, guid: e77c8600ebd3ecf40bfde7f61887bc6b, type: 3}
  m_Bones:
  - {fileID: 4150149865699024}
  - {fileID: 4322807760604808}
  - {fileID: 4023356121324202}
  - {fileID: 4499408059708972}
  - {fileID: 4326390326824718}
  - {fileID: 4652559456650196}
  - {fileID: 4916481178436682}
  - {fileID: 4309877660343808}
  - {fileID: 4956046529020946}
  - {fileID: 4822910706919750}
  - {fileID: 4361678906051802}
  - {fileID: 4789164095556860}
  - {fileID: 4636804680767658}
  - {fileID: 4296221549547184}
  - {fileID: 4537639931847134}
  - {fileID: 4406834291259216}
  - {fileID: 4449908531989132}
  - {fileID: 4021974845296078}
  - {fileID: 4990877287277388}
  - {fileID: 4426368305162240}
  - {fileID: 4274224914796860}
  - {fileID: 4389931181086026}
  - {fileID: 4138448824535692}
  - {fileID: 4849483262927364}
  - {fileID: 4168530953096878}
  - {fileID: 4851664132801830}
  - {fileID: 4441166679457056}
  - {fileID: 4418762494630988}
  - {fileID: 4427369720906850}
  - {fileID: 4246014256437780}
  - {fileID: 4628826629574840}
  - {fileID: 4084806176945702}
  - {fileID: 4748841673532228}
  - {fileID: 4884214952037918}
  - {fileID: 4399253413596984}
  - {fileID: 4482934542796936}
  - {fileID: 4838524986370522}
  - {fileID: 4055752648601976}
  m_BlendShapeWeights: []
  m_RootBone: {fileID: 4150149865699024}
  m_AABB:
    m_Center: {x: -0.00009645894, y: 0.00029197615, z: -0.00053505064}
    m_Extent: {x: 0.0060062744, y: 0.014434946, z: 0.0052243117}
  m_DirtyAABB: 0
--- !u!137 &137572807335844638
SkinnedMeshRenderer:
  m_ObjectHideFlags: 1
  m_PrefabParentObject: {fileID: 0}
  m_PrefabInternal: {fileID: 100100000}
  m_GameObject: {fileID: 1076009376160012}
  m_Enabled: 1
  m_CastShadows: 1
  m_ReceiveShadows: 1
  m_DynamicOccludee: 1
  m_MotionVectors: 1
  m_LightProbeUsage: 1
  m_ReflectionProbeUsage: 1
  m_RenderingLayerMask: 4294967295
  m_Materials:
  - {fileID: 2100000, guid: 4cb4f07f44d4a744892be34c3e2cde2e, type: 2}
  m_StaticBatchInfo:
    firstSubMesh: 0
    subMeshCount: 0
  m_StaticBatchRoot: {fileID: 0}
  m_ProbeAnchor: {fileID: 0}
  m_LightProbeVolumeOverride: {fileID: 0}
  m_ScaleInLightmap: 1
  m_PreserveUVs: 0
  m_IgnoreNormalsForChartDetection: 0
  m_ImportantGI: 0
  m_StitchLightmapSeams: 0
  m_SelectedEditorRenderState: 3
  m_MinimumChartSize: 4
  m_AutoUVMaxDistance: 0.5
  m_AutoUVMaxAngle: 89
  m_LightmapParameters: {fileID: 0}
  m_SortingLayerID: 0
  m_SortingLayer: 0
  m_SortingOrder: 0
  serializedVersion: 2
  m_Quality: 0
  m_UpdateWhenOffscreen: 0
  m_SkinnedMotionVectors: 1
  m_Mesh: {fileID: 4300004, guid: e77c8600ebd3ecf40bfde7f61887bc6b, type: 3}
  m_Bones:
  - {fileID: 4150149865699024}
  - {fileID: 4322807760604808}
  - {fileID: 4023356121324202}
  - {fileID: 4499408059708972}
  - {fileID: 4326390326824718}
  - {fileID: 4652559456650196}
  - {fileID: 4916481178436682}
  - {fileID: 4309877660343808}
  - {fileID: 4956046529020946}
  - {fileID: 4822910706919750}
  - {fileID: 4361678906051802}
  - {fileID: 4789164095556860}
  - {fileID: 4636804680767658}
  - {fileID: 4296221549547184}
  - {fileID: 4537639931847134}
  - {fileID: 4406834291259216}
  - {fileID: 4449908531989132}
  - {fileID: 4021974845296078}
  - {fileID: 4990877287277388}
  - {fileID: 4426368305162240}
  - {fileID: 4274224914796860}
  - {fileID: 4389931181086026}
  - {fileID: 4138448824535692}
  - {fileID: 4849483262927364}
  - {fileID: 4168530953096878}
  - {fileID: 4851664132801830}
  - {fileID: 4441166679457056}
  - {fileID: 4418762494630988}
  - {fileID: 4427369720906850}
  - {fileID: 4246014256437780}
  - {fileID: 4628826629574840}
  - {fileID: 4084806176945702}
  - {fileID: 4748841673532228}
  - {fileID: 4884214952037918}
  - {fileID: 4399253413596984}
  - {fileID: 4482934542796936}
  - {fileID: 4838524986370522}
  - {fileID: 4055752648601976}
  m_BlendShapeWeights: []
  m_RootBone: {fileID: 4150149865699024}
  m_AABB:
    m_Center: {x: -0.00006011245, y: 0.008409673, z: 0.0012887183}
    m_Extent: {x: 0.004441089, y: 0.0044597248, z: 0.0020590012}
  m_DirtyAABB: 0
--- !u!137 &137842777887881830
SkinnedMeshRenderer:
  m_ObjectHideFlags: 1
  m_PrefabParentObject: {fileID: 0}
  m_PrefabInternal: {fileID: 100100000}
  m_GameObject: {fileID: 1661068942071278}
  m_Enabled: 1
  m_CastShadows: 1
  m_ReceiveShadows: 1
  m_DynamicOccludee: 1
  m_MotionVectors: 1
  m_LightProbeUsage: 1
  m_ReflectionProbeUsage: 1
  m_RenderingLayerMask: 4294967295
  m_Materials:
  - {fileID: 2100000, guid: 4cb4f07f44d4a744892be34c3e2cde2e, type: 2}
  m_StaticBatchInfo:
    firstSubMesh: 0
    subMeshCount: 0
  m_StaticBatchRoot: {fileID: 0}
  m_ProbeAnchor: {fileID: 0}
  m_LightProbeVolumeOverride: {fileID: 0}
  m_ScaleInLightmap: 1
  m_PreserveUVs: 0
  m_IgnoreNormalsForChartDetection: 0
  m_ImportantGI: 0
  m_StitchLightmapSeams: 0
  m_SelectedEditorRenderState: 3
  m_MinimumChartSize: 4
  m_AutoUVMaxDistance: 0.5
  m_AutoUVMaxAngle: 89
  m_LightmapParameters: {fileID: 0}
  m_SortingLayerID: 0
  m_SortingLayer: 0
  m_SortingOrder: 0
  serializedVersion: 2
  m_Quality: 0
  m_UpdateWhenOffscreen: 0
  m_SkinnedMotionVectors: 1
  m_Mesh: {fileID: 4300008, guid: e77c8600ebd3ecf40bfde7f61887bc6b, type: 3}
  m_Bones:
  - {fileID: 4150149865699024}
  - {fileID: 4322807760604808}
  - {fileID: 4023356121324202}
  - {fileID: 4499408059708972}
  - {fileID: 4326390326824718}
  - {fileID: 4652559456650196}
  - {fileID: 4916481178436682}
  - {fileID: 4309877660343808}
  - {fileID: 4956046529020946}
  - {fileID: 4822910706919750}
  - {fileID: 4361678906051802}
  - {fileID: 4789164095556860}
  - {fileID: 4636804680767658}
  - {fileID: 4296221549547184}
  - {fileID: 4537639931847134}
  - {fileID: 4406834291259216}
  - {fileID: 4449908531989132}
  - {fileID: 4021974845296078}
  - {fileID: 4990877287277388}
  - {fileID: 4426368305162240}
  - {fileID: 4274224914796860}
  - {fileID: 4389931181086026}
  - {fileID: 4138448824535692}
  - {fileID: 4849483262927364}
  - {fileID: 4168530953096878}
  - {fileID: 4851664132801830}
  - {fileID: 4441166679457056}
  - {fileID: 4418762494630988}
  - {fileID: 4427369720906850}
  - {fileID: 4246014256437780}
  - {fileID: 4628826629574840}
  - {fileID: 4084806176945702}
  - {fileID: 4748841673532228}
  - {fileID: 4884214952037918}
  - {fileID: 4399253413596984}
  - {fileID: 4482934542796936}
  - {fileID: 4838524986370522}
  - {fileID: 4055752648601976}
  m_BlendShapeWeights: []
  m_RootBone: {fileID: 4150149865699024}
  m_AABB:
    m_Center: {x: 0.00009769434, y: 0.005948352, z: -0.00077660475}
    m_Extent: {x: 0.008320952, y: 0.011482699, z: 0.0061254324}
  m_DirtyAABB: 0
--- !u!137 &137878508287041628
SkinnedMeshRenderer:
  m_ObjectHideFlags: 1
  m_PrefabParentObject: {fileID: 0}
  m_PrefabInternal: {fileID: 100100000}
  m_GameObject: {fileID: 1778018907122930}
  m_Enabled: 1
  m_CastShadows: 1
  m_ReceiveShadows: 1
  m_DynamicOccludee: 1
  m_MotionVectors: 1
  m_LightProbeUsage: 1
  m_ReflectionProbeUsage: 1
  m_RenderingLayerMask: 4294967295
  m_Materials:
  - {fileID: 2100000, guid: 4cb4f07f44d4a744892be34c3e2cde2e, type: 2}
  m_StaticBatchInfo:
    firstSubMesh: 0
    subMeshCount: 0
  m_StaticBatchRoot: {fileID: 0}
  m_ProbeAnchor: {fileID: 0}
  m_LightProbeVolumeOverride: {fileID: 0}
  m_ScaleInLightmap: 1
  m_PreserveUVs: 0
  m_IgnoreNormalsForChartDetection: 0
  m_ImportantGI: 0
  m_StitchLightmapSeams: 0
  m_SelectedEditorRenderState: 3
  m_MinimumChartSize: 4
  m_AutoUVMaxDistance: 0.5
  m_AutoUVMaxAngle: 89
  m_LightmapParameters: {fileID: 0}
  m_SortingLayerID: 0
  m_SortingLayer: 0
  m_SortingOrder: 0
  serializedVersion: 2
  m_Quality: 0
  m_UpdateWhenOffscreen: 0
  m_SkinnedMotionVectors: 1
  m_Mesh: {fileID: 4300006, guid: e77c8600ebd3ecf40bfde7f61887bc6b, type: 3}
  m_Bones:
  - {fileID: 4150149865699024}
  - {fileID: 4322807760604808}
  - {fileID: 4023356121324202}
  - {fileID: 4499408059708972}
  - {fileID: 4326390326824718}
  - {fileID: 4652559456650196}
  - {fileID: 4916481178436682}
  - {fileID: 4309877660343808}
  - {fileID: 4956046529020946}
  - {fileID: 4822910706919750}
  - {fileID: 4361678906051802}
  - {fileID: 4789164095556860}
  - {fileID: 4636804680767658}
  - {fileID: 4296221549547184}
  - {fileID: 4537639931847134}
  - {fileID: 4406834291259216}
  - {fileID: 4449908531989132}
  - {fileID: 4021974845296078}
  - {fileID: 4990877287277388}
  - {fileID: 4426368305162240}
  - {fileID: 4274224914796860}
  - {fileID: 4389931181086026}
  - {fileID: 4138448824535692}
  - {fileID: 4849483262927364}
  - {fileID: 4168530953096878}
  - {fileID: 4851664132801830}
  - {fileID: 4441166679457056}
  - {fileID: 4418762494630988}
  - {fileID: 4427369720906850}
  - {fileID: 4246014256437780}
  - {fileID: 4628826629574840}
  - {fileID: 4084806176945702}
  - {fileID: 4748841673532228}
  - {fileID: 4884214952037918}
  - {fileID: 4399253413596984}
  - {fileID: 4482934542796936}
  - {fileID: 4838524986370522}
  - {fileID: 4055752648601976}
  m_BlendShapeWeights: []
  m_RootBone: {fileID: 4150149865699024}
  m_AABB:
    m_Center: {x: 0, y: 0.0033916146, z: 0.001273392}
    m_Extent: {x: 0.0027706416, y: 0.0011811322, z: 0.0011219021}
  m_DirtyAABB: 0
--- !u!137 &137934876733332784
SkinnedMeshRenderer:
  m_ObjectHideFlags: 1
  m_PrefabParentObject: {fileID: 0}
  m_PrefabInternal: {fileID: 100100000}
  m_GameObject: {fileID: 1454822258782378}
  m_Enabled: 1
  m_CastShadows: 1
  m_ReceiveShadows: 1
  m_DynamicOccludee: 1
  m_MotionVectors: 1
  m_LightProbeUsage: 1
  m_ReflectionProbeUsage: 1
  m_RenderingLayerMask: 4294967295
  m_Materials:
  - {fileID: 2100000, guid: 4cb4f07f44d4a744892be34c3e2cde2e, type: 2}
  m_StaticBatchInfo:
    firstSubMesh: 0
    subMeshCount: 0
  m_StaticBatchRoot: {fileID: 0}
  m_ProbeAnchor: {fileID: 0}
  m_LightProbeVolumeOverride: {fileID: 0}
  m_ScaleInLightmap: 1
  m_PreserveUVs: 0
  m_IgnoreNormalsForChartDetection: 0
  m_ImportantGI: 0
  m_StitchLightmapSeams: 0
  m_SelectedEditorRenderState: 3
  m_MinimumChartSize: 4
  m_AutoUVMaxDistance: 0.5
  m_AutoUVMaxAngle: 89
  m_LightmapParameters: {fileID: 0}
  m_SortingLayerID: 0
  m_SortingLayer: 0
  m_SortingOrder: 0
  serializedVersion: 2
  m_Quality: 0
  m_UpdateWhenOffscreen: 0
  m_SkinnedMotionVectors: 1
  m_Mesh: {fileID: 4300000, guid: e77c8600ebd3ecf40bfde7f61887bc6b, type: 3}
  m_Bones:
  - {fileID: 4150149865699024}
  - {fileID: 4322807760604808}
  - {fileID: 4023356121324202}
  - {fileID: 4499408059708972}
  - {fileID: 4326390326824718}
  - {fileID: 4652559456650196}
  - {fileID: 4916481178436682}
  - {fileID: 4309877660343808}
  - {fileID: 4956046529020946}
  - {fileID: 4822910706919750}
  - {fileID: 4361678906051802}
  - {fileID: 4789164095556860}
  - {fileID: 4636804680767658}
  - {fileID: 4296221549547184}
  - {fileID: 4537639931847134}
  - {fileID: 4406834291259216}
  - {fileID: 4449908531989132}
  - {fileID: 4021974845296078}
  - {fileID: 4990877287277388}
  - {fileID: 4426368305162240}
  - {fileID: 4274224914796860}
  - {fileID: 4389931181086026}
  - {fileID: 4138448824535692}
  - {fileID: 4849483262927364}
  - {fileID: 4168530953096878}
  - {fileID: 4851664132801830}
  - {fileID: 4441166679457056}
  - {fileID: 4418762494630988}
  - {fileID: 4427369720906850}
  - {fileID: 4246014256437780}
  - {fileID: 4628826629574840}
  - {fileID: 4084806176945702}
  - {fileID: 4748841673532228}
  - {fileID: 4884214952037918}
  - {fileID: 4399253413596984}
  - {fileID: 4482934542796936}
  - {fileID: 4838524986370522}
  - {fileID: 4055752648601976}
  m_BlendShapeWeights: []
  m_RootBone: {fileID: 4150149865699024}
  m_AABB:
    m_Center: {x: 0.0000017648563, y: 0.0010489132, z: -0.001440662}
    m_Extent: {x: 0.020417504, y: 0.018608695, z: 0.006082663}
  m_DirtyAABB: 0
